<?xml version="1.0" encoding="UTF-8"?>
<!DOCTYPE html PUBLIC "-//W3C//DTD XHTML 1.0 Transitional//EN"
    "http://www.w3.org/TR/xhtml1/DTD/xhtml1-transitional.dtd">
<html xmlns="http://www.w3.org/1999/xhtml" xml:lang="en" lang="en">
 <head>
  <title>
</title>
<meta http-equiv="Content-Type" content="text/html;charset=utf-8" />
  <meta name='ocr-system' content='tesseract 3.04.00' />
  <meta name='ocr-capabilities' content='ocr_page ocr_carea ocr_par ocr_line ocrx_word'/>
</head>
<body>
  <div class='ocr_page' id='page_1' title='image "./speciesgeneraeto0201agar_0328.png"; bbox 0 0 1907 3004; ppageno 0'>
   <div class='ocr_carea' id='block_1_1' title="bbox 219 72 1757 133">
    <p class='ocr_par' dir='ltr' id='par_1_1' title="bbox 219 72 1757 133">
     <span class='ocr_line' id='line_1_1' title="bbox 219 72 1757 133; baseline -0.007 -5"><span class='ocrx_word' id='word_1_1' title='bbox 219 86 313 128; x_wconf 89' lang='grc'>300</span> <span class='ocrx_word' id='word_1_2' title='bbox 861 77 1110 120; x_wconf 70' lang='lat' dir='ltr'>GicAnrixEAE.</span> <span class='ocrx_word' id='word_1_3' title='bbox 1470 72 1757 133; x_wconf 72' lang='lat' dir='ltr'>Callophyllis,</span> 
     </span>
    </p>
   </div>
   <div class='ocr_carea' id='block_1_2' title="bbox 311 207 1757 461">
    <p class='ocr_par' dir='ltr' id='par_1_2' title="bbox 329 207 1757 330">
     <span class='ocr_line' id='line_1_2' title="bbox 330 207 1757 263; baseline -0.006 -10"><span class='ocrx_word' id='word_1_4' title='bbox 330 217 472 254; x_wconf 78' lang='lat' dir='ltr'>ier-iore</span> <span class='ocrx_word' id='word_1_5' title='bbox 515 217 634 253; x_wconf 83' lang='lat' dir='ltr'>latere</span> <span class='ocrx_word' id='word_1_6' title='bbox 680 213 858 263; x_wconf 86' lang='lat' dir='ltr'>integris,</span> <span class='ocrx_word' id='word_1_7' title='bbox 910 211 1099 249; x_wconf 79' lang='lat' dir='ltr'>exteriore</span> <span class='ocrx_word' id='word_1_8' title='bbox 1152 208 1560 259; x_wconf 83' lang='lat' dir='ltr'>eroso-denticulatis,</span> <span class='ocrx_word' id='word_1_9' title='bbox 1610 207 1757 245; x_wconf 81' lang='lat' dir='ltr'>kalidiis</span> 
     </span>
     <span class='ocr_line' id='line_1_3' title="bbox 329 280 1015 330; baseline -0.004 -10"><span class='ocrx_word' id='word_1_10' title='bbox 329 285 434 320; x_wconf 76' lang='lat' dir='ltr'>diseo</span> <span class='ocrx_word' id='word_1_11' title='bbox 469 282 613 320; x_wconf 79' lang='lat' dir='ltr'>frondis</span> <span class='ocrx_word' id='word_1_12' title='bbox 645 282 835 319; x_wconf 80' lang='lat' dir='ltr'>immersis</span> <span class='ocrx_word' id='word_1_13' title='bbox 865 280 1015 330; x_wconf 77' lang='lat' dir='ltr'>sparsis.</span> 
     </span>
    </p>

    <p class='ocr_par' dir='ltr' id='par_1_3' title="bbox 311 354 1487 400">
     <span class='ocr_line' id='line_1_4' title="bbox 311 354 1487 400; baseline -0.003 -9"><span class='ocrx_word' id='word_1_14' title='bbox 311 359 549 392; x_wconf 70' lang='lat' dir='ltr'>Rhodomenia</span> <span class='ocrx_word' id='word_1_15' title='bbox 576 360 764 391; x_wconf 83' lang='lat' dir='ltr'>alcicornis</span> <span class='ocrx_word' id='word_1_16' title='bbox 790 357 822 392; x_wconf 88' lang='lat' dir='ltr'>J.</span> <span class='ocrx_word' id='word_1_17' title='bbox 850 357 908 400; x_wconf 67' lang='lat' dir='ltr'>Ay.</span> <span class='ocrx_word' id='word_1_18' title='bbox 936 357 956 390; x_wconf 89' lang='lat' dir='ltr'>l.</span> <span class='ocrx_word' id='word_1_19' title='bbox 985 367 1014 391; x_wconf 82' lang='lat' dir='ltr'>c.</span> <span class='ocrx_word' id='word_1_20' title='bbox 1043 356 1145 390; x_wconf 68' lang='lat' dir='ltr'>Istilz..</span> <span class='ocrx_word' id='word_1_21' title='bbox 1171 365 1223 399; x_wconf 81' lang='lat' dir='ltr'>sp.</span> <span class='ocrx_word' id='word_1_22' title='bbox 1250 354 1320 399; x_wconf 73' lang='lat' dir='ltr'>Aly.</span> <span class='ocrx_word' id='word_1_23' title='bbox 1343 365 1378 398; x_wconf 86' lang='lat' dir='ltr'>p.</span> <span class='ocrx_word' id='word_1_24' title='bbox 1407 354 1487 388; x_wconf 76' lang='lat'>779!</span> 
     </span>
    </p>

    <p class='ocr_par' dir='ltr' id='par_1_4' title="bbox 312 415 1133 461">
     <span class='ocr_line' id='line_1_5' title="bbox 312 415 1133 461; baseline -0.002 -12"><span class='ocrx_word' id='word_1_25' title='bbox 312 419 380 450; x_wconf 85' lang='lat' dir='ltr'>Cal.</span> <span class='ocrx_word' id='word_1_26' title='bbox 409 419 596 451; x_wconf 86' lang='lat' dir='ltr'>alcieornis</span> <span class='ocrx_word' id='word_1_27' title='bbox 621 416 655 449; x_wconf 84' lang='lat' dir='ltr'>J.</span> <span class='ocrx_word' id='word_1_28' title='bbox 681 418 739 461; x_wconf 71' lang='lat' dir='ltr'>Ay.</span> <span class='ocrx_word' id='word_1_29' title='bbox 767 417 838 460; x_wconf 73' lang='lat' dir='ltr'>Aly.</span> <span class='ocrx_word' id='word_1_30' title='bbox 864 415 992 449; x_wconf 74' lang='lat' dir='ltr'>Liebm.</span> <span class='ocrx_word' id='word_1_31' title='bbox 1016 426 1051 459; x_wconf 86' lang='lat' dir='ltr'>p.</span> <span class='ocrx_word' id='word_1_32' title='bbox 1081 416 1133 448; x_wconf 75' lang='lat'>43.</span> 
     </span>
    </p>
   </div>
   <div class='ocr_carea' id='block_1_3' title="bbox 329 485 1331 536">
    <p class='ocr_par' dir='ltr' id='par_1_5' title="bbox 329 485 1331 536">
     <span class='ocr_line' id='line_1_6' title="bbox 329 485 1331 536; baseline -0.001 -11"><span class='ocrx_word' id='word_1_33' title='bbox 329 488 416 526; x_wconf 88' lang='lat' dir='ltr'>Ilab.</span> <span class='ocrx_word' id='word_1_34' title='bbox 448 489 492 526; x_wconf 89' lang='lat' dir='ltr'>ad</span> <span class='ocrx_word' id='word_1_35' title='bbox 526 501 612 527; x_wconf 86' lang='lat' dir='ltr'>oras</span> <span class='ocrx_word' id='word_1_36' title='bbox 644 491 753 527; x_wconf 75' lang='lat' dir='ltr'>Novae</span> <span class='ocrx_word' id='word_1_37' title='bbox 787 487 991 526; x_wconf 64' lang='lat' dir='ltr'>[loliandiie</span> <span class='ocrx_word' id='word_1_38' title='bbox 1023 486 1108 536; x_wconf 85' lang='lat' dir='ltr'>(nb.</span> <span class='ocrx_word' id='word_1_39' title='bbox 1140 485 1331 533; x_wconf 81' lang='lat' dir='ltr'>Diesingl)</span> 
     </span>
    </p>
   </div>
   <div class='ocr_carea' id='block_1_4' title="bbox 216 563 1759 1073">
    <p class='ocr_par' dir='ltr' id='par_1_6' title="bbox 216 563 1759 1073">
     <span class='ocr_line' id='line_1_7' title="bbox 311 563 1757 607; baseline -0.001 -10"><span class='ocrx_word' id='word_1_40' title='bbox 311 565 466 599; x_wconf 83' lang='lat' dir='ltr'>Frondes</span> <span class='ocrx_word' id='word_1_41' title='bbox 494 575 512 598; x_wconf 89' lang='lat' dir='ltr'>a</span> <span class='ocrx_word' id='word_1_42' title='bbox 539 566 628 598; x_wconf 85' lang='lat' dir='ltr'>callo</span> <span class='ocrx_word' id='word_1_43' title='bbox 655 566 789 597; x_wconf 87' lang='lat' dir='ltr'>minuto</span> <span class='ocrx_word' id='word_1_44' title='bbox 827 564 1054 606; x_wconf 88' lang='lat' dir='ltr'>bipollicares</span> <span class='ocrx_word' id='word_1_45' title='bbox 1089 563 1314 606; x_wconf 79' lang='lat' dir='ltr'>dichotomae,</span> <span class='ocrx_word' id='word_1_46' title='bbox 1341 572 1418 596; x_wconf 89' lang='lat' dir='ltr'>raro</span> <span class='ocrx_word' id='word_1_47' title='bbox 1446 563 1678 607; x_wconf 77' lang='lat' dir='ltr'>tricliotomae,</span> <span class='ocrx_word' id='word_1_48' title='bbox 1706 563 1757 595; x_wconf 80' lang='lat' dir='ltr'>sa—</span> 
     </span>
     <span class='ocr_line' id='line_1_8' title="bbox 218 623 1758 665; baseline -0.002 -8"><span class='ocrx_word' id='word_1_49' title='bbox 218 626 382 665; x_wconf 69' lang='lat' dir='ltr'>stigiatae.</span> <span class='ocrx_word' id='word_1_50' title='bbox 445 624 633 665; x_wconf 77' lang='lat' dir='ltr'>Segmenta</span> <span class='ocrx_word' id='word_1_51' title='bbox 674 625 830 665; x_wconf 75' lang='lat' dir='ltr'>margine</span> <span class='ocrx_word' id='word_1_52' title='bbox 870 624 969 656; x_wconf 83' lang='lat' dir='ltr'>valde</span> <span class='ocrx_word' id='word_1_53' title='bbox 1009 623 1173 665; x_wconf 71' lang='lat' dir='ltr'>inzequali</span> <span class='ocrx_word' id='word_1_54' title='bbox 1214 623 1313 665; x_wconf 77' lang='lat' dir='ltr'>qnasi</span> <span class='ocrx_word' id='word_1_55' title='bbox 1358 630 1471 661; x_wconf 73' lang='lat' dir='ltr'>erosa,</span> <span class='ocrx_word' id='word_1_56' title='bbox 1507 623 1758 664; x_wconf 83' lang='lat' dir='ltr'>sesquilineam</span> 
     </span>
     <span class='ocr_line' id='line_1_9' title="bbox 217 679 1758 726; baseline -0.003 -11"><span class='ocrx_word' id='word_1_57' title='bbox 217 683 401 715; x_wconf 87' lang='lat' dir='ltr'>latitudine</span> <span class='ocrx_word' id='word_1_58' title='bbox 437 683 495 714; x_wconf 65' lang='lat' dir='ltr'>vix</span> <span class='ocrx_word' id='word_1_59' title='bbox 533 683 749 726; x_wconf 86' lang='lat' dir='ltr'>superantia,</span> <span class='ocrx_word' id='word_1_60' title='bbox 786 683 969 724; x_wconf 74' lang='lat' dir='ltr'>superiora</span> <span class='ocrx_word' id='word_1_61' title='bbox 1007 682 1224 724; x_wconf 80' lang='lat' dir='ltr'>angustiora,</span> <span class='ocrx_word' id='word_1_62' title='bbox 1258 681 1403 714; x_wconf 78' lang='lat' dir='ltr'>linearia</span> <span class='ocrx_word' id='word_1_63' title='bbox 1431 680 1484 712; x_wconf 83' lang='lat' dir='ltr'>vel</span> <span class='ocrx_word' id='word_1_64' title='bbox 1510 679 1596 712; x_wconf 79' lang='lat' dir='ltr'>infra</span> <span class='ocrx_word' id='word_1_65' title='bbox 1624 679 1758 711; x_wconf 77' lang='lat' dir='ltr'>tricho-</span> 
     </span>
     <span class='ocr_line' id='line_1_10' title="bbox 217 739 1758 783; baseline -0.003 -9"><span class='ocrx_word' id='word_1_66' title='bbox 217 741 342 774; x_wconf 84' lang='lat' dir='ltr'>tomias</span> <span class='ocrx_word' id='word_1_67' title='bbox 384 739 613 783; x_wconf 85' lang='lat' dir='ltr'>subcuneata,</span> <span class='ocrx_word' id='word_1_68' title='bbox 652 750 760 782; x_wconf 81' lang='lat' dir='ltr'>supra</span> <span class='ocrx_word' id='word_1_69' title='bbox 793 741 915 773; x_wconf 83' lang='lat' dir='ltr'>axillas</span> <span class='ocrx_word' id='word_1_70' title='bbox 943 740 1150 772; x_wconf 80' lang='lat' dir='ltr'>rotundatas</span> <span class='ocrx_word' id='word_1_71' title='bbox 1177 739 1348 772; x_wconf 88' lang='lat' dir='ltr'>arcuatim</span> <span class='ocrx_word' id='word_1_72' title='bbox 1376 739 1638 780; x_wconf 80' lang='lat' dir='ltr'>convergentia,</span> <span class='ocrx_word' id='word_1_73' title='bbox 1665 739 1758 770; x_wconf 89' lang='lat' dir='ltr'>inte-</span> 
     </span>
     <span class='ocr_line' id='line_1_11' title="bbox 219 797 1758 842; baseline -0.003 -12"><span class='ocrx_word' id='word_1_74' title='bbox 219 800 310 831; x_wconf 82' lang='lat' dir='ltr'>riore</span> <span class='ocrx_word' id='word_1_75' title='bbox 347 799 457 831; x_wconf 85' lang='lat' dir='ltr'>latere</span> <span class='ocrx_word' id='word_1_76' title='bbox 490 799 698 841; x_wconf 84' lang='lat' dir='ltr'>plerumque</span> <span class='ocrx_word' id='word_1_77' title='bbox 725 800 872 842; x_wconf 76' lang='lat' dir='ltr'>integra,</span> <span class='ocrx_word' id='word_1_78' title='bbox 900 800 1075 831; x_wconf 71' lang='lat' dir='ltr'>exteriore</span> <span class='ocrx_word' id='word_1_79' title='bbox 1103 807 1203 831; x_wconf 88' lang='lat' dir='ltr'>erosa</span> <span class='ocrx_word' id='word_1_80' title='bbox 1234 799 1293 830; x_wconf 89' lang='lat' dir='ltr'>aut</span> <span class='ocrx_word' id='word_1_81' title='bbox 1319 797 1485 830; x_wconf 74' lang='lat' dir='ltr'>dentibus</span> <span class='ocrx_word' id='word_1_82' title='bbox 1510 797 1646 836; x_wconf 87' lang='lat' dir='ltr'>sparsis</span> <span class='ocrx_word' id='word_1_83' title='bbox 1673 803 1758 827; x_wconf 86' lang='lat' dir='ltr'>acu-</span> 
     </span>
     <span class='ocr_line' id='line_1_12' title="bbox 219 854 1759 899; baseline -0.001 -12"><span class='ocrx_word' id='word_1_84' title='bbox 219 857 360 889; x_wconf 87' lang='lat' dir='ltr'>minatis</span> <span class='ocrx_word' id='word_1_85' title='bbox 386 857 675 898; x_wconf 77' lang='lat' dir='ltr'>simplieiusculis</span> <span class='ocrx_word' id='word_1_86' title='bbox 703 857 857 899; x_wconf 85' lang='lat' dir='ltr'>dentata,</span> <span class='ocrx_word' id='word_1_87' title='bbox 884 857 1049 890; x_wconf 81' lang='lat' dir='ltr'>nonnulla</span> <span class='ocrx_word' id='word_1_88' title='bbox 1077 858 1242 898; x_wconf 83' lang='lat' dir='ltr'>utrinque</span> <span class='ocrx_word' id='word_1_89' title='bbox 1270 856 1445 889; x_wconf 86' lang='lat' dir='ltr'>laciniata.</span> <span class='ocrx_word' id='word_1_90' title='bbox 1483 854 1619 887; x_wconf 78' lang='lat' dir='ltr'>Kalidia</span> <span class='ocrx_word' id='word_1_91' title='bbox 1645 854 1759 886; x_wconf 84' lang='lat' dir='ltr'>media</span> 
     </span>
     <span class='ocr_line' id='line_1_13' title="bbox 218 913 1759 958; baseline -0.002 -12"><span class='ocrx_word' id='word_1_92' title='bbox 218 914 342 947; x_wconf 77' lang='lat' dir='ltr'>fronde</span> <span class='ocrx_word' id='word_1_93' title='bbox 369 916 546 958; x_wconf 84' lang='lat' dir='ltr'>immersa,</span> <span class='ocrx_word' id='word_1_94' title='bbox 573 924 708 957; x_wconf 75' lang='lat' dir='ltr'>sparsa.</span> <span class='ocrx_word' id='word_1_95' title='bbox 747 915 953 948; x_wconf 69' lang='lat' dir='ltr'>Substantia</span> <span class='ocrx_word' id='word_1_96' title='bbox 979 916 1189 947; x_wconf 78' lang='lat' dir='ltr'>tenuissime</span> <span class='ocrx_word' id='word_1_97' title='bbox 1217 914 1499 947; x_wconf 86' lang='lat' dir='ltr'>membranacea.</span> <span class='ocrx_word' id='word_1_98' title='bbox 1549 913 1651 945; x_wconf 86' lang='lat' dir='ltr'>Color</span> <span class='ocrx_word' id='word_1_99' title='bbox 1677 921 1759 944; x_wconf 87' lang='lat' dir='ltr'>car-</span> 
     </span>
     <span class='ocr_line' id='line_1_14' title="bbox 216 971 1758 1015; baseline 0 -11"><span class='ocrx_word' id='word_1_100' title='bbox 216 981 582 1015; x_wconf 84' lang='lat' dir='ltr'>neo-purpurasceus.</span> <span class='ocrx_word' id='word_1_101' title='bbox 644 973 780 1007; x_wconf 84' lang='lat' dir='ltr'>Chartae</span> <span class='ocrx_word' id='word_1_102' title='bbox 820 974 1019 1006; x_wconf 72' lang='lat' dir='ltr'>arctissime</span> <span class='ocrx_word' id='word_1_103' title='bbox 1059 972 1227 1005; x_wconf 80' lang='lat' dir='ltr'>adhaeret.</span> <span class='ocrx_word' id='word_1_104' title='bbox 1266 991 1310 995; x_wconf 86' lang='grc'>-</span> <span class='ocrx_word' id='word_1_105' title='bbox 1348 971 1532 1005; x_wconf 87' lang='lat' dir='ltr'>Structura</span> <span class='ocrx_word' id='word_1_106' title='bbox 1559 973 1594 1004; x_wconf 84' lang='lat' dir='ltr'>et</span> <span class='ocrx_word' id='word_1_107' title='bbox 1623 971 1758 1004; x_wconf 81' lang='lat' dir='ltr'>fruetus</span> 
     </span>
     <span class='ocr_line' id='line_1_15' title="bbox 219 1033 371 1073; baseline 0.007 -9"><span class='ocrx_word' id='word_1_108' title='bbox 219 1033 371 1073; x_wconf 76' lang='lat' dir='ltr'>generis.</span> 
     </span>
    </p>
   </div>
   <div class='ocr_carea' id='block_1_5' title="bbox 218 1133 1759 1443">
    <p class='ocr_par' dir='ltr' id='par_1_7' title="bbox 218 1133 1759 1443">
     <span class='ocr_line' id='line_1_16' title="bbox 218 1133 1759 1184; baseline -0.002 -11"><span class='ocrx_word' id='word_1_109' title='bbox 218 1134 252 1173; x_wconf 84' lang='lat'>5.</span> <span class='ocrx_word' id='word_1_110' title='bbox 284 1138 366 1174; x_wconf 62' lang='lat' dir='ltr'>Cat.</span> <span class='ocrx_word' id='word_1_111' title='bbox 398 1137 586 1172; x_wconf 66' lang='lat' dir='ltr'>[Anniana</span> <span class='ocrx_word' id='word_1_112' title='bbox 618 1135 766 1180; x_wconf 79' lang='lat' dir='ltr'>[Turn.</span> <span class='ocrx_word' id='word_1_113' title='bbox 803 1135 901 1173; x_wconf 74' lang='lat' dir='ltr'>Hisl.</span> <span class='ocrx_word' id='word_1_114' title='bbox 934 1135 1030 1172; x_wconf 86' lang='lat' dir='ltr'><em>Fuc.</em></span> <span class='ocrx_word' id='word_1_115' title='bbox 1073 1134 1130 1171; x_wconf 91' lang='lat' dir='ltr'>IV</span> <span class='ocrx_word' id='word_1_116' title='bbox 1160 1145 1199 1182; x_wconf 83' lang='lat' dir='ltr'>p.</span> <span class='ocrx_word' id='word_1_117' title='bbox 1240 1133 1310 1181; x_wconf 82' lang='lat'>96)</span> <span class='ocrx_word' id='word_1_118' title='bbox 1351 1133 1485 1171; x_wconf 77' lang='lat' dir='ltr'>fronde</span> <span class='ocrx_word' id='word_1_119' title='bbox 1527 1133 1759 1184; x_wconf 77' lang='lat' dir='ltr'>dieliotoma,</span> 
     </span>
     <span class='ocr_line' id='line_1_17' title="bbox 327 1201 1758 1251; baseline -0.001 -13"><span class='ocrx_word' id='word_1_120' title='bbox 327 1203 535 1249; x_wconf 79' lang='lat' dir='ltr'>segmentis</span> <span class='ocrx_word' id='word_1_121' title='bbox 578 1206 736 1250; x_wconf 75' lang='lat' dir='ltr'>anguste</span> <span class='ocrx_word' id='word_1_122' title='bbox 779 1202 985 1239; x_wconf 79' lang='lat' dir='ltr'>linearibus</span> <span class='ocrx_word' id='word_1_123' title='bbox 1023 1214 1043 1239; x_wconf 90' lang='lat' dir='ltr'>a</span> <span class='ocrx_word' id='word_1_124' title='bbox 1079 1201 1250 1249; x_wconf 72' lang='lat' dir='ltr'>margine</span> <span class='ocrx_word' id='word_1_125' title='bbox 1289 1201 1465 1251; x_wconf 79' lang='lat' dir='ltr'>pinnatis,</span> <span class='ocrx_word' id='word_1_126' title='bbox 1503 1201 1628 1250; x_wconf 85' lang='lat' dir='ltr'>pinnis</span> <span class='ocrx_word' id='word_1_127' title='bbox 1666 1212 1758 1248; x_wconf 87' lang='lat' dir='ltr'>seg-</span> 
     </span>
     <span class='ocr_line' id='line_1_18' title="bbox 326 1268 1759 1320; baseline -0.003 -13"><span class='ocrx_word' id='word_1_128' title='bbox 326 1273 459 1308; x_wconf 85' lang='lat' dir='ltr'>mento</span> <span class='ocrx_word' id='word_1_129' title='bbox 499 1270 775 1320; x_wconf 78' lang='lat' dir='ltr'>consorinilms,</span> <span class='ocrx_word' id='word_1_130' title='bbox 813 1281 926 1318; x_wconf 87' lang='lat' dir='ltr'>supra</span> <span class='ocrx_word' id='word_1_131' title='bbox 967 1269 1093 1307; x_wconf 86' lang='lat' dir='ltr'>sinum</span> <span class='ocrx_word' id='word_1_132' title='bbox 1134 1268 1379 1306; x_wconf 87' lang='lat' dir='ltr'>rotundatum</span> <span class='ocrx_word' id='word_1_133' title='bbox 1425 1268 1610 1306; x_wconf 86' lang='lat' dir='ltr'>interiore</span> <span class='ocrx_word' id='word_1_134' title='bbox 1642 1269 1759 1304; x_wconf 87' lang='lat' dir='ltr'>latere</span> 
     </span>
     <span class='ocr_line' id='line_1_19' title="bbox 329 1335 1759 1388; baseline -0.003 -13"><span class='ocrx_word' id='word_1_135' title='bbox 329 1337 499 1388; x_wconf 76' lang='lat' dir='ltr'>integris,</span> <span class='ocrx_word' id='word_1_136' title='bbox 541 1337 732 1376; x_wconf 74' lang='lat' dir='ltr'>exteriore</span> <span class='ocrx_word' id='word_1_137' title='bbox 776 1336 1177 1388; x_wconf 84' lang='lat' dir='ltr'>duplicato-erenatis,</span> <span class='ocrx_word' id='word_1_138' title='bbox 1209 1336 1355 1374; x_wconf 81' lang='lat' dir='ltr'>kalidiis</span> <span class='ocrx_word' id='word_1_139' title='bbox 1395 1336 1567 1384; x_wconf 80' lang='lat' dir='ltr'>margine</span> <span class='ocrx_word' id='word_1_140' title='bbox 1610 1335 1759 1373; x_wconf 82' lang='lat' dir='ltr'>frondis</span> 
     </span>
     <span class='ocr_line' id='line_1_20' title="bbox 327 1406 529 1443; baseline -0.005 0"><span class='ocrx_word' id='word_1_141' title='bbox 327 1406 529 1443; x_wconf 84' lang='lat' dir='ltr'>immersis.</span> 
     </span>
    </p>
   </div>
   <div class='ocr_carea' id='block_1_6' title="bbox 308 1480 1657 1702">
    <p class='ocr_par' dir='ltr' id='par_1_8' title="bbox 308 1480 1083 1517">
     <span class='ocr_line' id='line_1_21' title="bbox 308 1480 1083 1517; baseline -0.004 0"><span class='ocrx_word' id='word_1_142' title='bbox 308 1483 422 1517; x_wconf 86' lang='lat' dir='ltr'>Fucus</span> <span class='ocrx_word' id='word_1_143' title='bbox 449 1482 637 1516; x_wconf 84' lang='lat' dir='ltr'>Lambertii</span> <span class='ocrx_word' id='word_1_144' title='bbox 669 1481 773 1516; x_wconf 73' lang='lat' dir='ltr'>Turn.</span> <span class='ocrx_word' id='word_1_145' title='bbox 803 1482 825 1516; x_wconf 90' lang='lat' dir='ltr'>l.</span> <span class='ocrx_word' id='word_1_146' title='bbox 853 1492 882 1515; x_wconf 87' lang='lat' dir='ltr'>c.</span> <span class='ocrx_word' id='word_1_147' title='bbox 910 1480 979 1514; x_wconf 78' lang='lat' dir='ltr'>tab.</span> <span class='ocrx_word' id='word_1_148' title='bbox 1006 1482 1083 1514; x_wconf 61' lang='lat'>237.</span> 
     </span>
    </p>

    <p class='ocr_par' dir='ltr' id='par_1_9' title="bbox 309 1537 1657 1643">
     <span class='ocr_line' id='line_1_22' title="bbox 310 1537 1657 1583; baseline -0.001 -10"><span class='ocrx_word' id='word_1_149' title='bbox 310 1541 592 1583; x_wconf 71' lang='lat' dir='ltr'>Spliaeroeoccus</span> <span class='ocrx_word' id='word_1_150' title='bbox 619 1541 807 1574; x_wconf 89' lang='lat' dir='ltr'>Lambertii</span> <span class='ocrx_word' id='word_1_151' title='bbox 836 1541 1000 1582; x_wconf 87' lang='lat' dir='ltr'>(partim)</span> <span class='ocrx_word' id='word_1_152' title='bbox 1030 1540 1088 1583; x_wconf 69' lang='lat' dir='ltr'>Ay.</span> <span class='ocrx_word' id='word_1_153' title='bbox 1115 1548 1166 1583; x_wconf 77' lang='lat' dir='ltr'>sp.</span> <span class='ocrx_word' id='word_1_154' title='bbox 1190 1549 1225 1582; x_wconf 82' lang='lat' dir='ltr'>p.</span> <span class='ocrx_word' id='word_1_155' title='bbox 1253 1539 1318 1572; x_wconf 75' lang='grc' dir='ltr'>3οἙ</span> <span class='ocrx_word' id='word_1_156' title='bbox 1345 1540 1376 1572; x_wconf 83' lang='lat' dir='ltr'>ec</span> <span class='ocrx_word' id='word_1_157' title='bbox 1400 1537 1490 1582; x_wconf 79' lang='lat' dir='ltr'>Syst.</span> <span class='ocrx_word' id='word_1_158' title='bbox 1512 1549 1547 1583; x_wconf 84' lang='lat' dir='ltr'>p.</span> <span class='ocrx_word' id='word_1_159' title='bbox 1576 1539 1657 1572; x_wconf 68' lang='lat'>232!</span> 
     </span>
     <span class='ocr_line' id='line_1_23' title="bbox 309 1596 1347 1643; baseline -0.002 -10"><span class='ocrx_word' id='word_1_160' title='bbox 309 1601 418 1633; x_wconf 77' lang='lat' dir='ltr'>Rliod.</span> <span class='ocrx_word' id='word_1_161' title='bbox 445 1600 631 1633; x_wconf 80' lang='lat' dir='ltr'>Lambertii</span> <span class='ocrx_word' id='word_1_162' title='bbox 660 1598 764 1633; x_wconf 79' lang='lat' dir='ltr'>Grev.</span> <span class='ocrx_word' id='word_1_163' title='bbox 792 1599 863 1643; x_wconf 71' lang='lat' dir='ltr'><em>Alq.</em></span> <span class='ocrx_word' id='word_1_164' title='bbox 891 1598 980 1633; x_wconf 70' lang='lat' dir='ltr'>Brit.</span> <span class='ocrx_word' id='word_1_165' title='bbox 1007 1598 1090 1642; x_wconf 72' lang='lat' dir='ltr'><em>Syn.</em></span> <span class='ocrx_word' id='word_1_166' title='bbox 1113 1609 1148 1642; x_wconf 80' lang='lat' dir='ltr'>p.</span> <span class='ocrx_word' id='word_1_167' title='bbox 1176 1596 1347 1632; x_wconf 76' lang='lat' dir='ltr'><em>XLVIII!</em></span> 
     </span>
    </p>

    <p class='ocr_par' dir='ltr' id='par_1_10' title="bbox 310 1656 1321 1702">
     <span class='ocr_line' id='line_1_24' title="bbox 310 1656 1321 1702; baseline -0.002 -11"><span class='ocrx_word' id='word_1_168' title='bbox 310 1659 379 1692; x_wconf 86' lang='lat' dir='ltr'>Cal.</span> <span class='ocrx_word' id='word_1_169' title='bbox 406 1658 595 1691; x_wconf 85' lang='lat' dir='ltr'>Lambertii</span> <span class='ocrx_word' id='word_1_170' title='bbox 622 1657 730 1692; x_wconf 76' lang='lat' dir='ltr'>Hoolc.</span> <span class='ocrx_word' id='word_1_171' title='bbox 757 1660 790 1692; x_wconf 80' lang='lat' dir='ltr'>et</span> <span class='ocrx_word' id='word_1_172' title='bbox 815 1657 924 1691; x_wconf 77' lang='lat' dir='ltr'>Ilarv.</span> <span class='ocrx_word' id='word_1_173' title='bbox 950 1657 1022 1702; x_wconf 73' lang='lat' dir='ltr'>Alq.</span> <span class='ocrx_word' id='word_1_174' title='bbox 1053 1656 1164 1691; x_wconf 79' lang='lat' dir='ltr'>Tasm.</span> <span class='ocrx_word' id='word_1_175' title='bbox 1191 1666 1226 1691; x_wconf 75' lang='grc' dir='ltr'>η.</span> <span class='ocrx_word' id='word_1_176' title='bbox 1254 1656 1321 1690; x_wconf 79' lang='lat'>55?</span> 
     </span>
    </p>
   </div>
   <div class='ocr_carea' id='block_1_7' title="bbox 214 1727 1759 2910">
    <p class='ocr_par' dir='ltr' id='par_1_11' title="bbox 216 1727 1757 1846">
     <span class='ocr_line' id='line_1_25' title="bbox 328 1727 1757 1780; baseline -0.001 -13"><span class='ocrx_word' id='word_1_177' title='bbox 328 1730 414 1768; x_wconf 86' lang='lat' dir='ltr'>llab.</span> <span class='ocrx_word' id='word_1_178' title='bbox 461 1730 505 1767; x_wconf 88' lang='lat' dir='ltr'>ad</span> <span class='ocrx_word' id='word_1_179' title='bbox 552 1742 637 1768; x_wconf 85' lang='lat' dir='ltr'>oras</span> <span class='ocrx_word' id='word_1_180' title='bbox 683 1732 794 1769; x_wconf 82' lang='lat' dir='ltr'>Novae</span> <span class='ocrx_word' id='word_1_181' title='bbox 840 1729 1046 1767; x_wconf 87' lang='lat' dir='ltr'>llollandiae</span> <span class='ocrx_word' id='word_1_182' title='bbox 1091 1729 1217 1780; x_wconf 82' lang='lat' dir='ltr'>(King,</span> <span class='ocrx_word' id='word_1_183' title='bbox 1248 1728 1533 1767; x_wconf 82' lang='lat' dir='ltr'>Lal.›illardiere!</span> <span class='ocrx_word' id='word_1_184' title='bbox 1567 1727 1630 1766; x_wconf 89' lang='lat' dir='ltr'>[lb.</span> <span class='ocrx_word' id='word_1_185' title='bbox 1662 1731 1757 1766; x_wconf 86' lang='lat' dir='ltr'>Are-</span> 
     </span>
     <span class='ocr_line' id='line_1_26' title="bbox 216 1798 397 1846; baseline 0.006 -11"><span class='ocrx_word' id='word_1_186' title='bbox 216 1798 357 1846; x_wconf 79' lang='lat' dir='ltr'>sclioug</span> <span class='ocrx_word' id='word_1_187' title='bbox 370 1798 397 1845; x_wconf 79' lang='lat'>1)</span> 
     </span>
    </p>

    <p class='ocr_par' dir='ltr' id='par_1_12' title="bbox 214 1874 1759 2500">
     <span class='ocr_line' id='line_1_27' title="bbox 310 1874 1759 1917; baseline -0.001 -9"><span class='ocrx_word' id='word_1_188' title='bbox 310 1875 466 1908; x_wconf 86' lang='lat' dir='ltr'>Frondes</span> <span class='ocrx_word' id='word_1_189' title='bbox 494 1883 511 1906; x_wconf 85' lang='lat' dir='ltr'>a</span> <span class='ocrx_word' id='word_1_190' title='bbox 545 1874 633 1906; x_wconf 84' lang='lat' dir='ltr'>callo</span> <span class='ocrx_word' id='word_1_191' title='bbox 672 1875 811 1906; x_wconf 86' lang='lat' dir='ltr'>scutato</span> <span class='ocrx_word' id='word_1_192' title='bbox 849 1875 969 1916; x_wconf 81' lang='lat' dir='ltr'>plures</span> <span class='ocrx_word' id='word_1_193' title='bbox 1008 1874 1264 1917; x_wconf 74' lang='lat' dir='ltr'>erectiusculze,</span> <span class='ocrx_word' id='word_1_194' title='bbox 1306 1874 1537 1916; x_wconf 82' lang='lat' dir='ltr'>G-pollicares</span> <span class='ocrx_word' id='word_1_195' title='bbox 1576 1874 1630 1906; x_wconf 65' lang='lat' dir='ltr'>vel</span> <span class='ocrx_word' id='word_1_196' title='bbox 1669 1874 1759 1907; x_wconf 87' lang='lat' dir='ltr'>ultra</span> 
     </span>
     <span class='ocr_line' id='line_1_28' title="bbox 215 1932 1758 1975; baseline 0 -10"><span class='ocrx_word' id='word_1_197' title='bbox 215 1933 372 1975; x_wconf 80' lang='lat' dir='ltr'>pedales,</span> <span class='ocrx_word' id='word_1_198' title='bbox 399 1933 889 1965; x_wconf 72' lang='lat' dir='ltr'>dicliotomo-ramosissimae.</span> <span class='ocrx_word' id='word_1_199' title='bbox 952 1932 1168 1965; x_wconf 84' lang='lat' dir='ltr'>Ramiiieatio</span> <span class='ocrx_word' id='word_1_200' title='bbox 1208 1933 1299 1965; x_wconf 89' lang='lat' dir='ltr'>inter</span> <span class='ocrx_word' id='word_1_201' title='bbox 1326 1933 1506 1974; x_wconf 86' lang='lat' dir='ltr'>pinnatam</span> <span class='ocrx_word' id='word_1_202' title='bbox 1534 1934 1570 1965; x_wconf 91' lang='lat' dir='ltr'>et</span> <span class='ocrx_word' id='word_1_203' title='bbox 1594 1933 1758 1965; x_wconf 83' lang='lat' dir='ltr'>dichoto-</span> 
     </span>
     <span class='ocr_line' id='line_1_29' title="bbox 216 1990 1757 2033; baseline 0 -9"><span class='ocrx_word' id='word_1_204' title='bbox 216 2001 307 2024; x_wconf 87' lang='lat' dir='ltr'>mam</span> <span class='ocrx_word' id='word_1_205' title='bbox 335 1991 553 2033; x_wconf 87' lang='lat' dir='ltr'>intermedia,</span> <span class='ocrx_word' id='word_1_206' title='bbox 581 1991 628 2022; x_wconf 86' lang='lat' dir='ltr'>ita</span> <span class='ocrx_word' id='word_1_207' title='bbox 656 1991 693 2022; x_wconf 89' lang='lat' dir='ltr'>ut</span> <span class='ocrx_word' id='word_1_208' title='bbox 718 1999 835 2022; x_wconf 85' lang='lat' dir='ltr'>ramus</span> <span class='ocrx_word' id='word_1_209' title='bbox 863 1991 1014 2032; x_wconf 84' lang='lat' dir='ltr'>quisque</span> <span class='ocrx_word' id='word_1_210' title='bbox 1041 1991 1141 2022; x_wconf 85' lang='lat' dir='ltr'>initio</span> <span class='ocrx_word' id='word_1_211' title='bbox 1168 1993 1223 2023; x_wconf 85' lang='lat' dir='ltr'>est</span> <span class='ocrx_word' id='word_1_212' title='bbox 1248 1990 1336 2023; x_wconf 83' lang='lat' dir='ltr'>dens</span> <span class='ocrx_word' id='word_1_213' title='bbox 1365 1992 1424 2023; x_wconf 87' lang='lat' dir='ltr'>aut</span> <span class='ocrx_word' id='word_1_214' title='bbox 1448 1992 1573 2033; x_wconf 71' lang='lat' dir='ltr'>pinna,</span> <span class='ocrx_word' id='word_1_215' title='bbox 1600 1991 1757 2024; x_wconf 88' lang='lat' dir='ltr'>nonnulli</span> 
     </span>
     <span class='ocr_line' id='line_1_30' title="bbox 217 2048 1756 2092; baseline 0.001 -11"><span class='ocrx_word' id='word_1_216' title='bbox 217 2053 334 2083; x_wconf 87' lang='lat' dir='ltr'>autem</span> <span class='ocrx_word' id='word_1_217' title='bbox 371 2060 445 2092; x_wconf 68' lang='lat' dir='ltr'>prce</span> <span class='ocrx_word' id='word_1_218' title='bbox 483 2050 623 2082; x_wconf 75' lang='lat' dir='ltr'>caeteris</span> <span class='ocrx_word' id='word_1_219' title='bbox 664 2049 817 2089; x_wconf 82' lang='lat' dir='ltr'>elongati</span> <span class='ocrx_word' id='word_1_220' title='bbox 856 2048 1003 2081; x_wconf 82' lang='lat' dir='ltr'>sormam</span> <span class='ocrx_word' id='word_1_221' title='bbox 1042 2051 1257 2091; x_wconf 84' lang='lat' dir='ltr'>recuperant</span> <span class='ocrx_word' id='word_1_222' title='bbox 1295 2058 1470 2082; x_wconf 87' lang='lat' dir='ltr'>ramorum</span> <span class='ocrx_word' id='word_1_223' title='bbox 1497 2050 1756 2092; x_wconf 75' lang='lat' dir='ltr'>principalium.</span> 
     </span>
     <span class='ocr_line' id='line_1_31' title="bbox 215 2107 1757 2151; baseline -0.001 -10"><span class='ocrx_word' id='word_1_224' title='bbox 215 2109 343 2142; x_wconf 87' lang='lat' dir='ltr'>Ramus</span> <span class='ocrx_word' id='word_1_225' title='bbox 371 2110 520 2151; x_wconf 81' lang='lat' dir='ltr'>quisque</span> <span class='ocrx_word' id='word_1_226' title='bbox 547 2107 610 2139; x_wconf 82' lang='lat' dir='ltr'>sed</span> <span class='ocrx_word' id='word_1_227' title='bbox 637 2108 818 2149; x_wconf 61' lang='lat' dir='ltr'>praecipue</span> <span class='ocrx_word' id='word_1_228' title='bbox 846 2107 1048 2140; x_wconf 78' lang='lat' dir='ltr'>terminales</span> <span class='ocrx_word' id='word_1_229' title='bbox 1074 2116 1180 2149; x_wconf 85' lang='lat' dir='ltr'>supra</span> <span class='ocrx_word' id='word_1_230' title='bbox 1208 2108 1324 2141; x_wconf 90' lang='lat' dir='ltr'>sinum</span> <span class='ocrx_word' id='word_1_231' title='bbox 1343 2108 1569 2141; x_wconf 84' lang='lat' dir='ltr'>rotundatum</span> <span class='ocrx_word' id='word_1_232' title='bbox 1586 2109 1757 2141; x_wconf 83' lang='lat' dir='ltr'>arcuatim</span> 
     </span>
     <span class='ocr_line' id='line_1_32' title="bbox 216 2165 1756 2210; baseline 0 -10"><span class='ocrx_word' id='word_1_233' title='bbox 216 2169 482 2209; x_wconf 79' lang='lat' dir='ltr'>eonvergentes,</span> <span class='ocrx_word' id='word_1_234' title='bbox 521 2168 688 2200; x_wconf 87' lang='lat' dir='ltr'>interiore</span> <span class='ocrx_word' id='word_1_235' title='bbox 725 2167 835 2198; x_wconf 88' lang='lat' dir='ltr'>latere</span> <span class='ocrx_word' id='word_1_236' title='bbox 862 2165 934 2198; x_wconf 87' lang='lat' dir='ltr'>sere</span> <span class='ocrx_word' id='word_1_237' title='bbox 961 2167 1190 2210; x_wconf 81' lang='lat' dir='ltr'>integerrimi,</span> <span class='ocrx_word' id='word_1_238' title='bbox 1216 2167 1392 2199; x_wconf 86' lang='lat' dir='ltr'>exteriore</span> <span class='ocrx_word' id='word_1_239' title='bbox 1421 2167 1564 2210; x_wconf 84' lang='lat' dir='ltr'>dentati,</span> <span class='ocrx_word' id='word_1_240' title='bbox 1592 2167 1756 2200; x_wconf 85' lang='lat' dir='ltr'>dentibus</span> 
     </span>
     <span class='ocr_line' id='line_1_33' title="bbox 217 2223 1757 2268; baseline -0.001 -10"><span class='ocrx_word' id='word_1_241' title='bbox 217 2225 452 2268; x_wconf 82' lang='lat' dir='ltr'>denticulatis,</span> <span class='ocrx_word' id='word_1_242' title='bbox 480 2225 670 2258; x_wconf 84' lang='lat' dir='ltr'>denticulis</span> <span class='ocrx_word' id='word_1_243' title='bbox 698 2224 854 2267; x_wconf 63' lang='lat' dir='ltr'>obtusis,</span> <span class='ocrx_word' id='word_1_244' title='bbox 881 2225 1083 2257; x_wconf 84' lang='lat' dir='ltr'>terminales</span> <span class='ocrx_word' id='word_1_245' title='bbox 1099 2224 1142 2257; x_wconf 93' lang='lat' dir='ltr'>ob</span> <span class='ocrx_word' id='word_1_246' title='bbox 1160 2224 1305 2257; x_wconf 87' lang='lat' dir='ltr'>sormam</span> <span class='ocrx_word' id='word_1_247' title='bbox 1321 2226 1448 2258; x_wconf 83' lang='lat' dir='ltr'>eximie</span> <span class='ocrx_word' id='word_1_248' title='bbox 1469 2223 1642 2268; x_wconf 81' lang='lat' dir='ltr'>falcatam,</span> <span class='ocrx_word' id='word_1_249' title='bbox 1657 2227 1757 2267; x_wconf 85' lang='lat' dir='ltr'>apice</span> 
     </span>
     <span class='ocr_line' id='line_1_34' title="bbox 214 2282 1756 2326; baseline 0 -12"><span class='ocrx_word' id='word_1_250' title='bbox 214 2284 396 2324; x_wconf 73' lang='lat' dir='ltr'>praeeipue</span> <span class='ocrx_word' id='word_1_251' title='bbox 430 2283 634 2316; x_wconf 84' lang='lat' dir='ltr'>denticulati</span> <span class='ocrx_word' id='word_1_252' title='bbox 669 2283 751 2324; x_wconf 85' lang='lat' dir='ltr'>(seu</span> <span class='ocrx_word' id='word_1_253' title='bbox 790 2283 1128 2325; x_wconf 83' lang='lat' dir='ltr'>palmato—multifidi</span> <span class='ocrx_word' id='word_1_254' title='bbox 1173 2282 1313 2326; x_wconf 64' lang='lat' dir='ltr'>Turn).</span> <span class='ocrx_word' id='word_1_255' title='bbox 1374 2282 1493 2316; x_wconf 71' lang='lat' dir='ltr'>Pinna}</span> <span class='ocrx_word' id='word_1_256' title='bbox 1533 2285 1570 2316; x_wconf 86' lang='lat' dir='ltr'>ut</span> <span class='ocrx_word' id='word_1_257' title='bbox 1606 2283 1756 2324; x_wconf 88' lang='lat' dir='ltr'>majores</span> 
     </span>
     <span class='ocr_line' id='line_1_35' title="bbox 216 2340 1756 2384; baseline -0.001 -11"><span class='ocrx_word' id='word_1_258' title='bbox 216 2342 370 2375; x_wconf 81' lang='lat' dir='ltr'>evadunt</span> <span class='ocrx_word' id='word_1_259' title='bbox 406 2343 572 2375; x_wconf 90' lang='lat' dir='ltr'>interiore</span> <span class='ocrx_word' id='word_1_260' title='bbox 610 2342 719 2375; x_wconf 88' lang='lat' dir='ltr'>latere</span> <span class='ocrx_word' id='word_1_261' title='bbox 757 2350 898 2384; x_wconf 86' lang='lat' dir='ltr'>quoque</span> <span class='ocrx_word' id='word_1_262' title='bbox 936 2342 1102 2375; x_wconf 85' lang='lat' dir='ltr'>dentibus</span> <span class='ocrx_word' id='word_1_263' title='bbox 1129 2345 1189 2375; x_wconf 91' lang='lat' dir='ltr'>aut</span> <span class='ocrx_word' id='word_1_264' title='bbox 1215 2342 1370 2384; x_wconf 88' lang='lat' dir='ltr'>pinnulis</span> <span class='ocrx_word' id='word_1_265' title='bbox 1401 2343 1580 2374; x_wconf 88' lang='lat' dir='ltr'>ornantur.</span> <span class='ocrx_word' id='word_1_266' title='bbox 1631 2340 1756 2372; x_wconf 77' lang='lat' dir='ltr'>Raetiis</span> 
     </span>
     <span class='ocr_line' id='line_1_36' title="bbox 216 2397 1755 2443; baseline -0.001 -12"><span class='ocrx_word' id='word_1_267' title='bbox 216 2401 306 2432; x_wconf 88' lang='lat' dir='ltr'>inter</span> <span class='ocrx_word' id='word_1_268' title='bbox 343 2402 470 2443; x_wconf 85' lang='lat' dir='ltr'>pinnas</span> <span class='ocrx_word' id='word_1_269' title='bbox 510 2401 634 2434; x_wconf 87' lang='lat' dir='ltr'>leviter</span> <span class='ocrx_word' id='word_1_270' title='bbox 673 2402 842 2433; x_wconf 72' lang='lat' dir='ltr'>flexuosa.</span> <span class='ocrx_word' id='word_1_271' title='bbox 893 2401 1095 2434; x_wconf 78' lang='lat' dir='ltr'>Substantia</span> <span class='ocrx_word' id='word_1_272' title='bbox 1122 2401 1221 2433; x_wconf 85' lang='lat' dir='ltr'>firma</span> <span class='ocrx_word' id='word_1_273' title='bbox 1248 2400 1557 2440; x_wconf 78' lang='lat' dir='ltr'>subcurtilaginea.</span> <span class='ocrx_word' id='word_1_274' title='bbox 1608 2397 1710 2431; x_wconf 88' lang='lat' dir='ltr'>Color</span> <span class='ocrx_word' id='word_1_275' title='bbox 1737 2407 1755 2431; x_wconf 89' lang='lat' dir='ltr'>e</span> 
     </span>
     <span class='ocr_line' id='line_1_37' title="bbox 215 2457 1544 2500; baseline -0.001 -10"><span class='ocrx_word' id='word_1_276' title='bbox 215 2467 343 2492; x_wconf 84' lang='lat' dir='ltr'>carneo</span> <span class='ocrx_word' id='word_1_277' title='bbox 370 2461 574 2492; x_wconf 84' lang='lat' dir='ltr'>coccineus.</span> <span class='ocrx_word' id='word_1_278' title='bbox 624 2459 760 2492; x_wconf 79' lang='lat' dir='ltr'>Chartae</span> <span class='ocrx_word' id='word_1_279' title='bbox 787 2460 845 2492; x_wconf 86' lang='lat' dir='ltr'>vix</span> <span class='ocrx_word' id='word_1_280' title='bbox 871 2459 1039 2492; x_wconf 75' lang='lat' dir='ltr'>adhaeret.</span> <span class='ocrx_word' id='word_1_281' title='bbox 1089 2459 1236 2492; x_wconf 85' lang='lat' dir='ltr'>Fructus</span> <span class='ocrx_word' id='word_1_282' title='bbox 1264 2460 1339 2500; x_wconf 85' lang='lat' dir='ltr'>ipse</span> <span class='ocrx_word' id='word_1_283' title='bbox 1366 2467 1435 2492; x_wconf 87' lang='lat' dir='ltr'>non</span> <span class='ocrx_word' id='word_1_284' title='bbox 1462 2457 1544 2490; x_wconf 84' lang='lat' dir='ltr'>vidi.</span> 
     </span>
    </p>

    <p class='ocr_par' dir='ltr' id='par_1_13' title="bbox 215 2516 1754 2910">
     <span class='ocr_line' id='line_1_38' title="bbox 309 2516 1754 2561; baseline -0.001 -14"><span class='ocrx_word' id='word_1_285' title='bbox 309 2516 514 2550; x_wconf 85' lang='lat' dir='ltr'>Substantia</span> <span class='ocrx_word' id='word_1_286' title='bbox 540 2518 638 2550; x_wconf 80' lang='lat' dir='ltr'>firma</span> <span class='ocrx_word' id='word_1_287' title='bbox 668 2519 757 2550; x_wconf 88' lang='lat' dir='ltr'>inter</span> <span class='ocrx_word' id='word_1_288' title='bbox 784 2518 909 2550; x_wconf 82' lang='lat' dir='ltr'>affines</span> <span class='ocrx_word' id='word_1_289' title='bbox 935 2519 1093 2561; x_wconf 79' lang='lat' dir='ltr'>insignis,</span> <span class='ocrx_word' id='word_1_290' title='bbox 1111 2519 1363 2551; x_wconf 84' lang='lat' dir='ltr'>ramificatione</span> <span class='ocrx_word' id='word_1_291' title='bbox 1381 2518 1581 2550; x_wconf 85' lang='lat' dir='ltr'>accuratius</span> <span class='ocrx_word' id='word_1_292' title='bbox 1596 2517 1754 2557; x_wconf 84' lang='lat' dir='ltr'>inspecta</span> 
     </span>
     <span class='ocr_line' id='line_1_39' title="bbox 216 2574 1754 2617; baseline -0.001 -13"><span class='ocrx_word' id='word_1_293' title='bbox 216 2574 258 2605; x_wconf 85' lang='lat' dir='ltr'>ab</span> <span class='ocrx_word' id='word_1_294' title='bbox 286 2575 338 2606; x_wconf 77' lang='lat' dir='ltr'>liis</span> <span class='ocrx_word' id='word_1_295' title='bbox 365 2585 506 2617; x_wconf 76' lang='lat' dir='ltr'>quoque</span> <span class='ocrx_word' id='word_1_296' title='bbox 534 2575 716 2608; x_wconf 87' lang='lat' dir='ltr'>abludens.</span> <span class='ocrx_word' id='word_1_297' title='bbox 780 2576 925 2617; x_wconf 81' lang='lat' dir='ltr'>Species</span> <span class='ocrx_word' id='word_1_298' title='bbox 954 2585 970 2608; x_wconf 89' lang='lat' dir='ltr'>a</span> <span class='ocrx_word' id='word_1_299' title='bbox 998 2575 1152 2608; x_wconf 87' lang='lat' dir='ltr'>Turnero</span> <span class='ocrx_word' id='word_1_300' title='bbox 1180 2577 1306 2608; x_wconf 76' lang='lat' dir='ltr'>eximie</span> <span class='ocrx_word' id='word_1_301' title='bbox 1333 2575 1487 2617; x_wconf 65' lang='lat' dir='ltr'>depicta,</span> <span class='ocrx_word' id='word_1_302' title='bbox 1515 2575 1754 2607; x_wconf 84' lang='lat' dir='ltr'>characterem</span> 
     </span>
     <span class='ocr_line' id='line_1_40' title="bbox 216 2631 1753 2676; baseline 0 -14"><span class='ocrx_word' id='word_1_303' title='bbox 216 2633 480 2665; x_wconf 72' lang='lat' dir='ltr'>ramiiicationis</span> <span class='ocrx_word' id='word_1_304' title='bbox 507 2636 622 2666; x_wconf 88' lang='lat' dir='ltr'>tamen</span> <span class='ocrx_word' id='word_1_305' title='bbox 650 2642 717 2666; x_wconf 91' lang='lat' dir='ltr'>non</span> <span class='ocrx_word' id='word_1_306' title='bbox 746 2634 791 2667; x_wconf 90' lang='lat' dir='ltr'>ita</span> <span class='ocrx_word' id='word_1_307' title='bbox 819 2643 860 2666; x_wconf 87' lang='lat' dir='ltr'>ac</span> <span class='ocrx_word' id='word_1_308' title='bbox 889 2633 940 2665; x_wconf 83' lang='lat' dir='ltr'>sas</span> <span class='ocrx_word' id='word_1_309' title='bbox 968 2633 1032 2666; x_wconf 83' lang='lat' dir='ltr'>suit</span> <span class='ocrx_word' id='word_1_310' title='bbox 1058 2636 1233 2676; x_wconf 79' lang='lat' dir='ltr'>exposuit.</span> <span class='ocrx_word' id='word_1_311' title='bbox 1282 2638 1308 2666; x_wconf 85' lang='lat' dir='ltr'>A</span> <span class='ocrx_word' id='word_1_312' title='bbox 1335 2633 1563 2676; x_wconf 79' lang='lat' dir='ltr'>sequentibus</span> <span class='ocrx_word' id='word_1_313' title='bbox 1590 2631 1753 2664; x_wconf 84' lang='lat' dir='ltr'>Auctori-</span> 
     </span>
     <span class='ocr_line' id='line_1_41' title="bbox 215 2689 1754 2735; baseline 0.001 -15"><span class='ocrx_word' id='word_1_314' title='bbox 215 2689 281 2721; x_wconf 71' lang='lat' dir='ltr'>bus</span> <span class='ocrx_word' id='word_1_315' title='bbox 308 2700 386 2722; x_wconf 82' lang='lat' dir='ltr'>eum</span> <span class='ocrx_word' id='word_1_316' title='bbox 414 2693 489 2724; x_wconf 67' lang='lat' dir='ltr'>aliis</span> <span class='ocrx_word' id='word_1_317' title='bbox 518 2691 679 2725; x_wconf 77' lang='lat' dir='ltr'>confusa.</span> <span class='ocrx_word' id='word_1_318' title='bbox 730 2692 780 2725; x_wconf 76' lang='lat' dir='ltr'>Ab</span> <span class='ocrx_word' id='word_1_319' title='bbox 806 2693 981 2733; x_wconf 74' lang='lat' dir='ltr'>Agardluo</span> <span class='ocrx_word' id='word_1_320' title='bbox 1011 2694 1205 2734; x_wconf 88' lang='lat' dir='ltr'>specimina</span> <span class='ocrx_word' id='word_1_321' title='bbox 1233 2694 1414 2735; x_wconf 80' lang='lat' dir='ltr'>sequentis</span> <span class='ocrx_word' id='word_1_322' title='bbox 1442 2693 1479 2724; x_wconf 91' lang='lat' dir='ltr'>ut</span> <span class='ocrx_word' id='word_1_323' title='bbox 1502 2690 1537 2721; x_wconf 91' lang='lat' dir='ltr'>F.</span> <span class='ocrx_word' id='word_1_324' title='bbox 1566 2689 1754 2722; x_wconf 87' lang='lat' dir='ltr'>Lambertii</span> 
     </span>
     <span class='ocr_line' id='line_1_42' title="bbox 216 2748 1752 2793; baseline 0 -15"><span class='ocrx_word' id='word_1_325' title='bbox 216 2748 393 2788; x_wconf 72' lang='lat' dir='ltr'>descripta</span> <span class='ocrx_word' id='word_1_326' title='bbox 419 2749 570 2783; x_wconf 85' lang='lat' dir='ltr'>suerunt.</span> <span class='ocrx_word' id='word_1_327' title='bbox 607 2750 695 2783; x_wconf 87' lang='lat' dir='ltr'>Dein</span> <span class='ocrx_word' id='word_1_328' title='bbox 723 2759 741 2782; x_wconf 89' lang='lat' dir='ltr'>a</span> <span class='ocrx_word' id='word_1_329' title='bbox 767 2751 891 2783; x_wconf 83' lang='lat' dir='ltr'>Subrio</span> <span class='ocrx_word' id='word_1_330' title='bbox 919 2751 1037 2792; x_wconf 87' lang='lat' dir='ltr'>planta</span> <span class='ocrx_word' id='word_1_331' title='bbox 1063 2751 1242 2793; x_wconf 86' lang='lat' dir='ltr'>Capensis,</span> <span class='ocrx_word' id='word_1_332' title='bbox 1271 2751 1410 2783; x_wconf 87' lang='lat' dir='ltr'>omnino</span> <span class='ocrx_word' id='word_1_333' title='bbox 1437 2749 1585 2789; x_wconf 82' lang='lat' dir='ltr'>diversa,</span> <span class='ocrx_word' id='word_1_334' title='bbox 1613 2748 1752 2779; x_wconf 88' lang='lat' dir='ltr'>nomine</span> 
     </span>
     <span class='ocr_line' id='line_1_43' title="bbox 216 2804 1752 2850; baseline 0.002 -16"><span class='ocrx_word' id='word_1_335' title='bbox 216 2804 249 2835; x_wconf 68' lang='lat'>1³.</span> <span class='ocrx_word' id='word_1_336' title='bbox 276 2804 464 2838; x_wconf 83' lang='lat' dir='ltr'>Lambertii</span> <span class='ocrx_word' id='word_1_337' title='bbox 504 2809 691 2841; x_wconf 73' lang='lat' dir='ltr'>distributa</span> <span class='ocrx_word' id='word_1_338' title='bbox 731 2809 794 2842; x_wconf 82' lang='lat' dir='ltr'>suit</span> <span class='ocrx_word' id='word_1_339' title='bbox 832 2811 867 2841; x_wconf 85' lang='lat' dir='ltr'>et</span> <span class='ocrx_word' id='word_1_340' title='bbox 906 2809 981 2842; x_wconf 81' lang='lat' dir='ltr'>baec</span> <span class='ocrx_word' id='word_1_341' title='bbox 1009 2818 1026 2841; x_wconf 83' lang='lat' dir='ltr'>a</span> <span class='ocrx_word' id='word_1_342' title='bbox 1054 2808 1237 2849; x_wconf 76' lang='lat' dir='ltr'>Ktitzingio</span> <span class='ocrx_word' id='word_1_343' title='bbox 1276 2807 1350 2850; x_wconf 80' lang='lat' dir='ltr'>(Sp.</span> <span class='ocrx_word' id='word_1_344' title='bbox 1380 2816 1415 2849; x_wconf 85' lang='lat' dir='ltr'>p.</span> <span class='ocrx_word' id='word_1_345' title='bbox 1452 2806 1535 2846; x_wconf 67' lang='lat'>7552)</span> <span class='ocrx_word' id='word_1_346' title='bbox 1572 2807 1609 2838; x_wconf 87' lang='lat' dir='ltr'>ut</span> <span class='ocrx_word' id='word_1_347' title='bbox 1634 2806 1752 2846; x_wconf 85' lang='lat' dir='ltr'>planta</span> 
     </span>
     <span class='ocr_line' id='line_1_44' title="bbox 215 2861 1752 2910; baseline -0.001 -16"><span class='ocrx_word' id='word_1_348' title='bbox 215 2861 358 2895; x_wconf 84' lang='lat' dir='ltr'>Turneri</span> <span class='ocrx_word' id='word_1_349' title='bbox 386 2866 421 2896; x_wconf 84' lang='lat' dir='ltr'>et</span> <span class='ocrx_word' id='word_1_350' title='bbox 454 2866 617 2906; x_wconf 73' lang='lat' dir='ltr'>Agardbii</span> <span class='ocrx_word' id='word_1_351' title='bbox 656 2868 877 2910; x_wconf 83' lang='lat' dir='ltr'>proponitur.</span> <span class='ocrx_word' id='word_1_352' title='bbox 940 2867 1063 2901; x_wconf 72' lang='lat' dir='ltr'>Veram</span> <span class='ocrx_word' id='word_1_353' title='bbox 1101 2869 1216 2901; x_wconf 85' lang='lat' dir='ltr'>autem</span> <span class='ocrx_word' id='word_1_354' title='bbox 1255 2867 1410 2910; x_wconf 86' lang='lat' dir='ltr'>speeiem</span> <span class='ocrx_word' id='word_1_355' title='bbox 1450 2862 1551 2906; x_wconf 85' lang='lat' dir='ltr'>hujus</span> <span class='ocrx_word' id='word_1_356' title='bbox 1590 2863 1752 2906; x_wconf 83' lang='lat' dir='ltr'>nominis,</span> 
     </span>
    </p>
   </div>
  </div>
 </body>
</html>
