1907 3004
302 110 322 150 1
333 109 392 150 70
927 102 1217 149 Cereres-mmm.
1530 103 1834 164 Schizymem'a.

298 237 706 285 rotundato-angulata
750 246 956 273 numerosa
988 235 1216 274 emittentes.
1275 237 1430 276 Favellae
1462 239 1619 276 nucleus
1650 238 1834 278 dissectus

297 306 501 355 gommidia
532 318 550 343 a
583 305 795 354 placentula
827 303 1013 341 interiore
1044 303 1301 343 subradiantia
1331 308 1527 343 monstrat.
1561 308 1599 342 In
1631 306 1834 343 Scl1.eduli

296 375 372 410 baec
403 372 603 421 dispositio
641 382 741 419 aegre
779 370 1052 419 discernenda,
1086 371 1122 408 in
1154 371 1237 409 aliis
1268 373 1495 410 evidentior.
1556 372 1833 421 Spliaerosporoe

296 443 413 477 strato
461 438 640 476 exteriori
687 438 835 475 frondis
882 438 1083 487 immersfe,
1127 449 1197 486 per
1235 439 1414 476 frondem
1455 450 1606 489 sparsae,
1636 438 1833 475 cruciatim

295 506 442 555 divisae3
475 506 512 542 in
543 507 623 543 Scb.
655 505 757 542 eduli
791 504 1014 554 rotundatfe,
1046 505 1247 553 minusque
1279 506 1505 553 regulariter
1535 506 1675 555 divisse,
1694 506 1730 542 in
1749 506 1832 541 cel-

295 575 381 613 lulis
422 572 792 612 infra-corticalibus
832 573 1004 622 evolutze,
1041 572 1160 609 dense
1190 575 1415 621 aggi²egatae3
1448 573 1485 609 in
1518 572 1600 610 aliis
1630 572 1832 621 speciebus

295 642 401 689 (Seli.
431 641 654 691 marginata,
685 642 766 680 Seli.
799 640 1001 687 undulata)
1035 640 1222 688 oblongae,
1253 640 1371 687 magis
1402 651 1552 691 sparsae,
1583 640 1683 678 inter
1710 640 1834 677 cellu-

296 712 349 749 las
378 711 460 749 fere
493 710 696 747 corticales
727 709 818 747 sitae.

407 822 559 871 Species
599 820 792 858 nonnullae
832 819 941 866 hujus
980 818 1130 866 generis
1165 830 1183 856 a
1216 822 1335 866 Boryo
1366 818 1413 855 ad
1444 816 1612 856 Iridaeam
1643 829 1728 856 cum
1759 819 1834 855 du-

294 891 357 928 bio
404 891 529 928 relatae
577 889 747 937 fuerunt3
779 899 797 924 a
831 887 1020 924 Grevilleo
1066 885 1152 923 huic
1200 888 1332 934 generi
1378 887 1507 936 typicae
1553 886 1783 936 existimatoe,
1815 898 1835 923 a

295 956 440 995 caeteris
485 954 718 1003 auctoribus,
764 954 865 990 nulla
912 954 1005 990 facta
1048 953 1309 1002 distinctione,
1355 957 1395 990 ut
1439 953 1577 990 lridaeae
1622 952 1832 1001 descriptae.

294 1028 377 1073 lpse
430 1021 642 1060 differentia
696 1023 892 1060 structurae
938 1019 1085 1058 frondis
1132 1020 1351 1068 fructusque
1396 1020 1470 1056 situ
1514 1020 1589 1057 alio
1636 1020 1834 1069 insistens,

294 1101 414 1138 genus
459 1088 672 1136 proprium,
718 1087 875 1125 nomine
921 1087 1174 1137 Platymenize,
1217 1086 1257 1125 in
1298 1087 1390 1125 actis
1433 1087 1715 1126 Ilolmiensibus
1745 1088 1834 1125 anni

299 1155 400 1194 4847
432 1156 630 1205 proposui,
662 1155 765 1203 quod
799 1154 913 1191 bodie
956 1165 1155 1205 conservo,
1186 1157 1330 1192 mutato
1362 1158 1506 1192 tantum
1539 1154 1587 1191 ob
1619 1166 1833 1193 consonum

294 1235 413 1271 genus
445 1222 653 1262 Bentbamii
685 1221 857 1259 nomine.

404 1333 454 1372 Ab
485 1333 628 1383 Iridaea,
660 1334 771 1381 quale
803 1333 876 1370 Ιιοο
907 1331 1213 1384 genuslimitavi,
1233 1333 1409 1371 facillime
1429 1333 1674 1382 distinguitur
1692 1334 1834 1372 favellis

294 1414 372 1440 non
404 1401 440 1438 in
473 1401 598 1438 media
632 1400 768 1437 froude
799 1400 891 1450 sitis,
920 1400 1156 1449 simplicibus
1188 1404 1224 1438 et
1255 1402 1513 1451 carpostomio
1539 1403 1691 1452 apertis,
1722 1406 1834 1451 atque

292 1473 478 1507 structura
511 1468 617 1506 valde
648 1468 806 1506 diversa.
838 1470 1028 1505 Structura
1063 1469 1331 1514 Kallymeniam
1349 1469 1466 1518 magis
1485 1469 1613 1519 tangit,
1629 1469 1694 1506 sed
1714 1471 1833 1507 favel-

292 1537 380 1574 lidia
412 1535 522 1582 hujus
555 1534 590 1572 in
622 1535 752 1573 medio
771 1538 886 1572 strato
916 1535 1100 1573 interiore
1118 1536 1404 1587 sita,nucleolis
1423 1538 1592 1586 pluribus
1610 1539 1834 1588 composita,

292 1608 406 1652 atque
451 1603 708 1652 cai-postomio
748 1604 852 1641 nullo
894 1606 1037 1652 apertu.
1105 1604 1156 1641 Ad
1189 1605 1472 1653 Grateloupiam
1504 1606 1630 1643 forsan
1661 1606 1834 1654 proxime

292 1671 452 1721 accedit,
486 1671 610 1708 fructu
653 1671 732 1707 fere
765 1671 1013 1722 conveniens,
1046 1671 1114 1708 sed
1146 1674 1332 1709 structura
1363 1672 1445 1710 alia.
1506 1675 1597 1710 Cum
1631 1675 1834 1711 Nemasto-

291 1750 351 1776 ma
396 1739 565 1786 denique
611 1737 769 1776 vinculis
813 1738 1003 1776 affinitatis
1048 1739 1187 1776 arctius
1238 1740 1505 1791 conjungitur,
1556 1743 1752 1778 structurae
1799 1743 1836 1778 et

292 1806 437 1843 fructus
481 1806 694 1843 differentia
741 1806 888 1855 exigua,
935 1806 1063 1843 babitu
1107 1806 1258 1844 diverso
1304 1810 1342 1843 et
1384 1807 1668 1846 ramiticatiouis
1699 1820 1834 1846 norma

291 1873 373 1910 alia.
446 1876 486 1910 In
531 1875 772 1911 Nemastoma
818 1873 922 1910 enim
958 1876 1044 1910 sunt
1074 1876 1271 1921 segmenta
1301 1874 1442 1911 ambitu
1475 1874 1640 1922 delinita,
1672 1877 1709 1911 et
1739 1885 1834 1911 sen-

293 1941 363 1978 sim
402 1940 679 1989 excrescentia,
727 1941 764 1977 in
809 1941 1066 1987 Scbizymenia
1109 1941 1382 1979 dilaceratione
1421 1941 1565 1980 lacIniae
1604 1943 1764 1992 frondis,
1802 1942 1834 1980 si

292 2007 427 2058 adsint,
473 2008 695 2044 formantur.
770 2010 887 2052 Quam
933 2007 1090 2055 quidem
1135 2008 1272 2045 borum
1317 2019 1504 2056 generum
1541 2010 1833 2058 congruentiam

291 2073 541 2124 perspiciens,
577 2078 780 2122 utrumque
827 2086 946 2122 genus
993 2075 1031 2112 in
1076 2075 1172 2122 Algis
1217 2076 1505 2114 Mediterrancis
1537 2076 1735 2129 conjunxi,
1766 2089 1832 2115 se-

292 2140 480 2178 ctionibus
524 2141 682 2178 <liversis
728 2142 971 2179 conservatis.
1053 2145 1231 2180 lirrorem
1284 2146 1410 2180 autem
1453 2143 1492 2180 in
1541 2155 1587 2181 eo
1635 2145 1832 2196 commisi,

292 2208 394 2256 quod
427 2208 465 2245 in
496 2209 674 2246 omnibus
719 2210 859 2247 lridaeis
903 2213 1131 2247 structuram
1177 2211 1340 2248 eandem
1393 2211 1648 2262 suspicarem,
1699 2216 1832 2263 atque,

292 2276 388 2314 libro
434 2277 611 2314 Grevillei
655 2277 859 2327 deceptus,
906 2289 1026 2325 genus
1072 2278 1296 2327 primarium
1342 2281 1556 2325 Boryanum
1601 2290 1686 2317 cum
1732 2284 1831 2318 Gre-

292 2343 454 2380 villeano
501 2344 660 2382 omnino
705 2345 916 2383 identicum
963 2347 1001 2382 et
1046 2345 1181 2383 eadem
1233 2345 1356 2395 planta
1404 2346 1524 2396 typica
1571 2350 1831 2386 constructum

291 2411 490 2459 fingerem.
1138 2410 1141 2413 ’

402 2522 555 2571 Species
588 2534 722 2560 omnes
754 2523 892 2561 eximie
924 2523 1156 2561 conveniunt
1187 2527 1223 2562 et
1254 2527 1440 2562 structura
1474 2523 1620 2562 frondis
1638 2526 1674 2560 et
1693 2525 1828 2562 fructu.

290 2589 450 2626 Maxime
489 2589 632 2626 abludit
661 2593 840 2639 Europaea
873 2594 910 2628 et
940 2592 1085 2640 optime
1118 2592 1282 2643 cognita,
1313 2592 1393 2629 Scli.
1427 2591 1562 2642 edulis,
1595 2592 1631 2629 in
1665 2604 1737 2640 qua
1770 2594 1830 2631 fa-

292 2657 394 2693 vellae
413 2658 590 2707 majores,
621 2657 764 2695 ambitu
797 2658 1039 2710 irregulares,
1071 2661 1250 2696 nucleum
1281 2659 1535 2708 compositum
1566 2670 1666 2708 saepe
1685 2660 1829 2697 menti-

293 2724 418 2759 untur.
475 2725 753 2773 Spbaerosporze
792 2736 960 2775 quoque,
1002 2726 1038 2763 in
1071 2727 1216 2763 cellulis
1247 2726 1615 2764 infra-corticalilms
1647 2728 1830 2778 formatze,

292 2788 340 2823 ita
380 2788 505 2826 ‹leusae
548 2795 588 2827 ut
625 2795 782 2828 stratum
825 2793 1026 2841 proprium
1057 2794 1138 2831 fere
1170 2793 1346 2845 efficiant,
1377 2794 1601 2845 rotundatce,
1631 2806 1651 2832 a
1683 2794 1828 2832 cacteris

291 2853 490 2902 speciebus
522 2858 716 2908 paulisper
745 2859 939 2899 abludunt.
