1907 3004
241 105 301 145 98
904 100 1112 142 Cena-unffi.
1616 96 1778 142 Pczlota.

242 238 313 269 sere
340 235 475 275 falcata,
504 233 618 265 omnia
647 232 869 271 integerrima
898 231 1086 274 cellulosa3
1114 233 1212 264 costa
1238 233 1272 264 in
1300 232 1478 264 exsiccata
1495 232 1779 274 quandoquidem

241 295 442 335 (auspicata,
471 299 644 332 nusquam
670 290 774 323 nuda.
825 288 1159 331 Sphaerosporarum
1187 290 1241 322 tila
1270 290 1312 323 ad
1340 291 1559 332 superiorem
1587 293 1779 332 marginem

240 351 392 392 pinnulae
420 349 634 392 inchoantia,
660 357 742 380 mox
769 348 999 380 circumcirca
1026 348 1163 380 evoluta
1191 348 1472 388 etglomerulum
1488 347 1676 389 oblongum
1693 358 1780 382 con-

240 409 434 450 stituentia,
461 407 565 439 simili
593 407 697 439 modo
725 415 765 439 ac
792 407 826 438 in
853 407 1024 446 proximis
1051 406 1320 447 spliaerosporas
1347 407 1515 446 gerentia.

333 476 533 518 Harveyana
570 476 762 516 descriptio
802 476 847 508 ita
882 475 972 507 hene
1006 476 1038 507 in
1074 477 1231 507 nostram
1265 477 1420 517 speciem
1459 478 1625 520 quadrat,
1664 479 1702 510 ut
1739 478 1780 510 de

241 535 423 566 identitate
463 535 644 575 utriusque
682 534 813 576 plantae
847 534 938 566 nulla
967 533 1068 566 nobis
1096 535 1231 566 restent
1258 534 1376 566 dubia.
1426 533 1506 568 Suae
1532 535 1662 577 plantae
1689 536 1782 566 atta-

240 601 320 624 men
355 592 478 624 tribuit
509 591 589 624 folia
616 592 824 635 lanceolata,
852 601 958 634 quum
985 593 1019 624 in
1046 594 1167 625 nostra
1193 593 1311 633 potius
1339 592 1660 626 ovato-lanceolata
1688 594 1780 624 sunt.

243 719 276 756 6.
316 721 372 756 P'l'.
418 721 672 756 ASPLENIOIDES
719 718 864 763 (Turn.
913 718 1013 755 Hist.
1060 717 1136 756 tab.
1183 719 1251 766 62)
1298 719 1443 757 frondis
1488 719 1781 768 decomposito-

352 787 515 835 plnnatae
547 787 673 834 pinnis
716 786 752 823 in
794 786 947 824 racliide
979 787 1145 836 ancipite
1177 787 1271 824 alata
1303 787 1490 836 oppositis
1522 786 1782 835 inrequalibns,

354 865 426 890 una
459 853 616 891 indivisa
657 854 981 903 subinconspicue
1023 859 1179 905 serrata,
1222 856 1337 892 altera
1370 856 1651 904 pinnatipartita
1685 866 1783 903 saepe

356 920 541 971 obsoleta,
574 921 746 971 repetita,
780 922 956 970 pinnellis
996 934 1015 958 a
1053 922 1129 960 basi
1162 924 1297 960 latiore
1329 923 1548 960 lanceolatis
1579 922 1782 971 cellulosis,

353 989 537 1026 fructibus
568 1001 681 1038 snpra
712 991 839 1027 axillas
871 1001 981 1028 secus
1013 993 1223 1038 marginem
1255 994 1460 1039 utrumque
1479 990 1640 1040 seriatis,
1657 990 1783 1038 sphae-

356 1057 526 1105 rosporis
560 1056 594 1092 in
628 1058 882 1104 glomernlnm
917 1058 1161 1095 rotundatum
1195 1059 1399 1108 congestis,
1442 1057 1585 1094 favellis
1630 1056 1783 1092 involu-

355 1125 478 1174 cratis,
509 1124 695 1162 involucri
727 1126 840 1163 ramis
871 1126 1133 1174 pinnatisectis
1164 1126 1383 1164 articulatis,

336 1200 451 1233 Fucus
477 1201 723 1243 Asplenioides
755 1201 859 1235 Turn.
887 1203 907 1236 l.
935 1213 964 1236 c.
992 1202 1072 1245 Esp.
1100 1201 1184 1236 Fac.
1211 1201 1279 1235 [ab.
1309 1202 1385 1235 447.

335 1259 459 1292 Ptilota
485 1260 731 1302 Asplenioides
757 1261 816 1305 Ay.
842 1260 897 1305 Sp.
926 1262 996 1305 Alq.
1024 1262 1051 1294 I.
1074 1272 1109 1305 p.
1138 1262 1215 1294 387.
1242 1260 1332 1303 Syst.
1356 1271 1391 1304 p.
1422 1263 1498 1294 1195.

335 1316 557 1351 Rbodocallis
583 1320 830 1362 Asplenioides
857 1319 958 1353 Ii't'c'lz..
986 1330 1037 1363 sp.
1065 1320 1135 1363 Alq.
1157 1330 1192 1364 p.
1220 1320 1297 1352 674.

354 1389 442 1426 Ilab.
476 1389 512 1426 in
545 1391 699 1427 conchis
732 1393 801 1428 etc.
834 1392 972 1428 Oceani
1006 1391 1133 1428 arctici
1166 1391 1210 1427 ad
1244 1391 1338 1428 ostia
1371 1392 1514 1441 LenseI;
1559 1391 1595 1427 in
1628 1390 1785 1440 pacifico

244 1458 288 1495 ad
323 1458 618 1495 Knmtscliatkam
650 1459 880 1507 (Cliamissol
914 1460 1078 1497 [lornerl
1111 1459 1262 1504 Lntliet)

336 1534 445 1568 Frons
483 1535 633 1576 pedalis,
670 1535 797 1567 lineam
836 1535 908 1567 fere
945 1536 1027 1579 lata,
1066 1535 1490 1579 decomposito-pinnata,
1522 1536 1639 1577 pinnis
1665 1544 1787 1568 revera

245 1595 430 1636 oppositis,
464 1603 533 1627 una
567 1603 695 1635 nempe
728 1593 811 1627 solio
834 1594 996 1638 indiviso,
1023 1595 1132 1627 altera
1160 1604 1257 1627 ramo
1284 1595 1362 1636 plus
1390 1596 1505 1628 minus
1533 1596 1672 1628 evoluto
1700 1603 1787 1627 con—

245 1654 396 1694 stitutis·7
423 1661 519 1685 ramo
547 1655 663 1685 autem
690 1661 787 1693 sfrpe
815 1653 985 1696 obsoleto,
1012 1654 1092 1686 folia
1119 1655 1153 1686 in
1180 1653 1323 1686 racbide
1351 1654 1483 1686 alterna
1511 1655 1545 1685 et
1570 1654 1659 1685 ⁶2—3
1680 1654 1788 1685 lineas

246 1712 413 1744 distantia
447 1712 629 1752 adparent.
685 1711 779 1743 Folia
814 1712 1001 1753 aliquando
1035 1713 1167 1745 3lineas
1203 1713 1305 1752 longa
1334 1714 1369 1744 et
1395 1712 1466 1744 fere
1492 1712 1621 1744 lineam
1648 1712 1727 1755 lata,
1755 1713 1787 1743 in

247 1772 429 1813 superiore
455 1774 555 1811 parte
588 1770 796 1813 lanceolata,
823 1770 899 1802 basi
927 1772 1117 1814 attenuata,
1156 1771 1312 1811 margine
1340 1779 1463 1812 parum
1490 1771 1683 1811 conspicue
1710 1778 1788 1801 ser-

247 1831 332 1871 rata,
371 1827 538 1861 inferiora
577 1837 595 1860 a
632 1828 708 1861 basi
746 1829 870 1861 latiore
905 1828 1317 1871 lanceolato-attenuata,
1344 1829 1499 1868 margine
1527 1828 1788 1860 obsoletissime

247 1888 440 1930 crenulato,
480 1887 602 1920 senilia
641 1889 808 1928 patentia,
844 1886 1013 1928 juvenilia
1051 1888 1206 1919 incurva.
1269 1885 1366 1918 Rami
1405 1886 1495 1919 foliis
1536 1886 1690 1927 oppositi
1717 1895 1789 1918 sae-

246 1946 394 1986 pissime
427 1944 593 1987 obsoleti,
627 1954 734 1986 supra
768 1945 890 1977 axillas
919 1954 1000 1977 vero
1028 1946 1240 1986 proveniunt
1266 1945 1334 1987 alii,
1361 1945 1451 1977 2--3
1479 1946 1611 1987 seriati,
1640 1953 1788 1986 quorum

246 2004 387 2036 infimus
425 2013 521 2045 saepe
560 2005 751 2047 accrescit,
796 2013 889 2036 nunc
927 2012 1049 2036 omnes
1089 2003 1383 2036 transformantur
1422 2005 1457 2036 et
1494 2002 1664 2036 fructiferi
1705 2010 1788 2034 eva-

249 2063 346 2095 dunt.
406 2062 549 2094 Ramelli
588 2061 758 2094 fructiferi
799 2071 880 2094 vero
920 2064 1024 2095 etiam
1052 2063 1218 2095 interiore
1246 2063 1402 2103 margine
1430 2062 1592 2095 foliorum
1619 2062 1790 2094 evolvun-

248 2125 314 2166 tur,
355 2121 447 2154 unde
481 2121 615 2153 fructus
648 2129 754 2163 supra
788 2121 910 2154 axillas
935 2122 1085 2162 utroque
1112 2122 1252 2154 sinuum
1280 2122 1435 2161 margine
1462 2121 1582 2153 seriati
1610 2119 1790 2160 conspici-

248 2182 363 2212 untur.
421 2179 610 2212 Glomeruli
642 2179 969 2222 spliserosporarum
1004 2179 1076 2212 fere
1103 2180 1282 2222 spbaerici,
1308 2181 1375 2212 filis
1402 2181 1436 2212 in
1463 2179 1607 2221 pinnula
1636 2179 1791 2210 circum-

249 2240 342 2271 circa
379 2239 538 2281 evolutis,
572 2238 767 2271 articulatis
801 2238 1081 2279 monosiphonlis
1108 2240 1262 2271 incurvis
1290 2239 1496 2280 pectinatim
1520 2238 1674 2280 pinnatis
1702 2245 1790 2269 con-

250 2297 380 2338 stituti,
412 2296 670 2338 sphaerosporis
704 2305 747 2328 ex
780 2296 1024 2329 terminalibus
1053 2297 1211 2330 articulis
1240 2297 1376 2329 filorum
1403 2295 1673 2329 transformatis.
1724 2293 1791 2326 Fa-

250 2355 348 2387 vellae
387 2355 512 2387 eodem
538 2355 640 2387 modo
667 2355 756 2397 sitae,
784 2356 874 2387 intra
907 2355 1126 2388 involucrum
1159 2355 1298 2397 plures,
1325 2356 1410 2387 rami
1437 2354 1607 2387 involucri
1634 2353 1790 2395 pinnati-

251 2414 320 2456 lidi,
348 2413 489 2446 racliide
515 2413 694 2456 cellulosa,
722 2414 839 2455 pinnis
866 2414 1060 2446 articulatis
1087 2413 1379 2455 monosiphoniis.
1436 2412 1572 2445 Chartae
1605 2420 1673 2443 non
1699 2410 1790 2441 bene

251 2471 420 2504 adliaeret.
483 2472 585 2504 Color
623 2473 654 2503 in
695 2471 950 2513 speciminibus
989 2473 1119 2504 nostris
1157 2480 1253 2512 saepe
1294 2473 1487 2515 virescens,
1526 2476 1618 2502 nunc
1644 2467 1789 2509 pulclirc

252 2538 613 2572 carneo-purpureus.

251 2653 286 2693 7.
320 2660 375 2694 ΡΤ.
409 2665 518 2695 DENSA
552 2653 646 2707 [Ay.
678 2658 742 2705 Sp.
776 2655 856 2704 Alq.
891 2656 918 2694 I.
947 2667 984 2704 p.
1017 2653 1114 2703 387)
1155 2655 1299 2694 frondis
1330 2653 1790 2702 decomposito—pinnatae

363 2726 488 2772 pinnis
522 2726 558 2763 in
592 2725 744 2762 racliide
776 2724 1192 2773 compressa-ancipite
1224 2721 1409 2771 oppositis
1439 2721 1698 2771 inaeqnaliliiis,
1718 2732 1788 2757 nna

366 2792 522 2829 indivisa
563 2794 936 2830 lanceolam-falcata
977 2795 1190 2829 extrorsum
1230 2793 1385 2839 serrata,
1430 2789 1546 2826 altera
1578 2789 1790 2837 composita

365 2869 464 2908 szepe
497 2857 710 2898 abbreviata
743 2860 915 2910 repetita,
954 2858 1131 2908 pinnellis
1161 2857 1324 2896 incurvis
1355 2860 1569 2896 extrorsum
1600 2856 1786 2894 divarica-

1897 2096 1907 2130 k
