1907 3004
68 71 274 116 Prionitz's.
684 75 972 120 Cnrrroxmiaffl.
1507 81 1526 120 1
1538 81 1596 121 87

91 207 116 242 Ι.
148 207 382 243 EurnioxiriS.
413 205 573 246 Fronde
603 205 862 255 cliclzotomffi·
893 208 1106 260 spor-isera
1133 208 1340 260 qlamlulz's
1364 208 1571 260 phyllisce

587 275 891 325 affirmantibus
923 276 1072 317 obsita.

93 359 126 392 ³¹2·
155 361 466 413 Spleoerosporis
498 364 718 415 qlamlulas
752 367 936 406 minutas
968 368 1224 419 marymales
1255 366 1568 420 occupantibus.

73 487 101 525 l.
133 490 190 525 PR.
221 496 441 527 MlCROCARPA
474 491 560 537 [Ay.
593 501 651 539 sp.
680 502 718 538 p.
750 490 849 538 255)
881 492 1017 530 froude
1048 494 1198 532 inferne
1231 493 1487 544 teretiuscula,
1527 505 1597 531 su-

176 568 296 605 perne
341 568 558 606 compressa
602 562 758 605 anguste
803 559 934 596 lineari
977 560 1493 609 (lecomposito-dicliotoma
1525 561 1597 596 ssa-

174 623 541 675 heliato-fastigiata,
572 625 777 673 segmentis
809 626 1000 674 (margine
1025 627 1169 677 nudis),
1187 627 1447 665 terminalibus
1465 638 1597 675 [equa-

175 691 272 728 libus
304 691 459 730 obtusis.

155 779 435 821 Spliaerococcus
461 780 702 820 microcarpus
727 777 786 822 Ay.
811 788 862 822 sp.
888 778 960 822 Alq.
989 781 1001 812 4
1027 790 1064 823 p.
1093 781 1159 813 ⁶255
1186 782 1220 814 et
1242 779 1333 823 Sysc.
1356 790 1391 824 p.
1418 782 1501 814 σ3181

156 837 338 869 Chondrus
364 839 604 878 microcarpus
629 835 731 869 Ii'i'c‘lz.
758 846 808 880 sp.
830 847 866 880 p.
893 838 975 870 737!

155 895 364 937 Phyllotylus
391 897 632 936 microcarpus
657 893 688 927 J.
715 893 773 939 Ay.
799 894 870 939 Alq.
899 893 1027 929 Liebm,
1050 907 1086 941 p.
1114 898 1146 930 9.

169 977 256 1015 Ilab.
288 977 333 1014 ad
366 977 467 1016 littus
499 977 735 1015 occidentale
765 979 875 1017 Novae
905 980 1111 1018 Honandiae
1143 981 1253 1028 (Mus.
1284 981 1426 1030 Parisl)

150 1065 260 1099 Frons
293 1066 434 1098 circiter
467 1066 700 1109 3-pollicaris‚
733 1066 868 1100 inferne
900 1069 1139 1111 teretiuscula‚
1166 1078 1319 1111 superne
1344 1070 1468 1102 leviter
1496 1079 1596 1103 com-

58 1133 193 1168 pressa,
214 1123 314 1165 juxta
341 1123 496 1156 radicem
523 1125 661 1165 longius
686 1125 875 1158 breviusve
900 1127 1062 1168 indivisa,
1089 1136 1242 1169 superne
1270 1129 1465 1169 (5—7ties)
1490 1138 1596 1170 repe-

58 1185 121 1215 tite
159 1181 369 1223 dichotoma,
409 1185 468 1215 aut
507 1183 695 1224 aliquando
736 1183 957 1227 trichotoma,
991 1185 1106 1217 axillis
1133 1186 1374 1228 munusculis,
1401 1187 1594 1226 segmentis

58 1240 189 1282 ubique
226 1240 503 1283 subaequalibus,
542 1241 670 1273 lineam
709 1241 781 1273 sere
814 1242 905 1283 latis,
932 1242 1176 1275 terminalibus
1206 1243 1355 1276 obtusis.
1406 1244 1592 1284 Segmenta

59 1299 241 1340 superiora
269 1299 367 1339 quasi
393 1300 573 1340 punctam,
600 1299 734 1332 savellis
761 1300 949 1342 immersis,
975 1299 1066 1331 2-:3
1094 1300 1359 1342 adproximatis,
1387 1302 1486 1342 quasi
1501 1311 1595 1343 puu-

59 1357 116 1387 cta
152 1356 465 1396 proeminentibus.
527 1356 630 1390 Color
666 1366 876 1399 purpureus.
938 1358 1142 1392 Substantia
1179 1360 1237 1392 vix
1263 1360 1502 1404 cartilaginea,
1528 1361 1595 1394 sed

58 1414 164 1446 tenax
190 1415 224 1446 et
249 1413 509 1456 quodammodo
535 1415 673 1447 flexilis.

150 1471 285 1504 Fronde
313 1474 505 1512 angustiori
532 1476 567 1505 et
593 1474 706 1506 minus
733 1482 939 1515 compressa
965 1483 982 1507 a
1009 1475 1241 1517 sequentibus
1270 1475 1400 1509 differt.

151 1530 414 1572 Sphaerosporis
453 1531 608 1564 nondum
646 1532 798 1572 cognitis
838 1540 948 1572 genus
984 1531 1105 1565 forsan
1142 1533 1257 1566 adbuc
1291 1533 1437 1566 dubium
1463 1535 1592 1567 manet.

55 1587 191 1621 Dubius
229 1587 315 1621 haesi
348 1591 464 1620 utrum
502 1589 543 1621 ad
568 1588 793 1621 Prionitidem
821 1598 862 1621 an
890 1589 933 1622 ad
959 1589 1146 1632 Polyopem
1173 1591 1291 1633 potius
1317 1591 1408 1624 hanc
1434 1593 1593 1633 speciem

56 1645 234 1678 referrem.
282 1645 310 1677 A
335 1645 486 1688 Polyope
511 1645 646 1679 fructus
673 1646 802 1679 diversi
828 1646 912 1679 mibi
939 1647 1189 1692 adparuerunt,
1216 1647 1349 1680 savellis
1364 1657 1502 1692 nempe,
1526 1658 1592 1682 nec

57 1702 251 1745 savellidiis,
276 1704 470 1736 constituti.
533 1704 561 1735 Α
596 1703 786 1736 Prionitide
823 1705 1019 1745 specimina
1052 1708 1171 1740 nostra
1200 1706 1424 1748 (savellisera)
1453 1706 1593 1740 defectu

57 1762 299 1803 glandularum
324 1762 569 1803 marginalium
598 1762 781 1796 recedunt.

56 1886 92 1927 2.
122 1891 179 1927 PR.
211 1891 513 1927 CHONDROPHYLLA
546 1884 609 1938 [J.
639 1889 706 1937 Ay.
739 1892 877 1936 mser.)
911 1889 1050 1926 fronde
1090 1899 1306 1937 compressa
1347 1889 1480 1927 lineari
1519 1890 1592 1927 de-

165 1957 630 2005 composito-dichotonia
673 1956 1096 2007 flabellato-sastigiata,
1147 1957 1354 2004 segmentis
1399 1957 1591 2006 (margine

164 2024 310 2073 nudis),
341 2024 606 2062 terminalibus
637 2025 919 2073 angustioribus
951 2024 1232 2062 obtusiusculis.

149 2100 426 2143 Spbaerococcus
464 2101 760 2144 chondrophyllus
802 2099 900 2144 Bory
948 2099 1027 2144 Voy.
1066 2101 1172 2146 Coqu.
1210 2110 1246 2135 n.
1285 2101 1342 2135 63!
1378 2102 1463 2144 (nec
1489 2101 1590 2135 Turn.

56 2161 91 2193 et
115 2159 196 2201 Ag.)

166 2228 253 2266 Hah.
297 2227 335 2266 in
378 2238 523 2266 oceano
566 2229 724 2277 pacifico
768 2229 920 2267 australi
965 2230 1011 2267 ad
1055 2241 1141 2268 oras
1181 2233 1291 2270 Novae
1321 2232 1476 2270 Guineae
1507 2233 1590 2282 (Hb.

56 2297 202 2344 Boryl).

146 2373 394 2414 Fragmentum
431 2372 565 2404 tantum
603 2371 672 2404 vidi
711 2372 851 2416 plantae,
879 2382 958 2415 quae
983 2373 1065 2408 huic
1091 2377 1210 2416 generi
1237 2377 1414 2417 pertinere
1442 2375 1590 2410 videtur.

53 2437 80 2466 A
107 2431 338 2474 sequentibus
377 2430 495 2463 differt
532 2430 771 2471 magnitudine
811 2432 918 2464 multo
957 2433 1103 2465 minore.
1162 2433 1283 2466 Planta
1316 2434 1453 2466 videtur
1480 2436 1591 2467 2-3-

54 2491 245 2533 pollicaris‚
284 2489 392 2522 dense
431 2488 643 2531 dichotoma,
683 2490 875 2529 segmentis
902 2490 1093 2523 linearibus
1121 2492 1177 2523 vix
1203 2492 1330 2524 lineam
1356 2493 1447 2535 latis,
1474 2496 1509 2525 et
1534 2494 1591 2526 di-

56 2549 241 2581 chotomiis
266 2549 285 2579 ⁶2
313 2548 423 2579 lineas
460 2546 685 2588 distantibus,
723 2546 788 2579 sub
828 2548 940 2588 spatio
967 2549 1249 2590 sesquipollicari
1277 2550 1387 2582 octies
1416 2552 1588 2592 repetitis.

56 2605 158 2638 Color
183 2605 324 2638 sordide
349 2615 566 2648 purpureus,
593 2605 790 2638 substantia
818 2606 918 2638 firma
943 2615 1082 2639 cornea.

148 2663 243 2697 Hanc
281 2666 437 2705 speciem
476 2673 555 2697 cum
596 2664 687 2697 Fuco
721 2663 998 2706 ebondropbyllo
1037 2665 1179 2698 Turneri
1208 2665 1396 2698 identicam
1418 2666 1590 2708 judicavit

55 2721 159 2765 Bory3
185 2724 214 2755 si
246 2731 327 2755 vero
353 2723 471 2764 planta
497 2723 639 2755 Turneri
667 2731 747 2755 cum
775 2722 983 2765 homonyma
1009 2724 1237 2765 Areschougii
1254 2725 1406 2759 identica
1421 2728 1477 2770 sit,
1495 2727 1589 2769 quod

57 2778 99 2811 ab
124 2780 300 2820 Algologis
339 2780 518 2813 hodiernis
547 2783 602 2814 rix
629 2782 663 2814 in
691 2780 833 2814 dubium
873 2784 1028 2826 vocatur,
1056 2782 1212 2825 Boryana
1237 2783 1357 2825 planta
1383 2784 1587 2826 longissime

57 2844 142 2868 sane
168 2836 210 2869 ab
238 2838 295 2870 illa
320 2839 465 2872 recedit.
