1907 3004
49 109 151 155 Nem
158 114 331 155 aslonza.
666 112 955 155 uni-promam.
1491 114 1511 154 1
1522 114 1581 153 69

160 244 483 293 longitudinaliter
521 244 712 293 rugulosa,
755 241 986 295 dieiiotoina,
1018 245 1224 292 segmentis
1254 247 1393 284 sensim
1426 245 1582 285 brevio-

162 311 275 360 ribus,
307 311 494 360 supremis
528 311 735 358 fastigiatis.

141 387 342 429 Halymenia
369 388 532 428 capensis
560 385 670 419 Mont.
698 386 821 419 Canai·
841 396 877 430 p.
905 387 988 420 464!
1019 389 1124 430 (ext-l.
1153 390 1247 432 syn.)

158 454 257 494 [lab.⁴
278 457 316 493 in
349 456 537 494 littoribus
569 457 697 496 insula)
728 459 905 496 Canai-ize.

142 533 265 573 Quoad
295 533 571 573 magnitudinem
608 536 643 566 et
674 536 1043 577 circumscriptionem
1070 544 1284 578 magnopere
1311 537 1466 580 varians3
1492 545 1583 570 non-

47 591 139 623 nulla
167 599 278 632 usque
304 591 528 631 9-pollicaria
555 593 793 633 irregulariter
819 593 1041 635 dichotoma3
1067 595 1132 626 alia
1159 595 1383 636 2-poilicaria
1407 597 1583 629 stricturis

47 649 120 680 sere
145 647 180 680 F.
208 650 439 681 constrictum
466 649 567 682 Turn.
595 650 802 694 referentia,
828 651 924 684 frons
951 653 1190 685 exsiccatione
1217 654 1331 696 plana,
1347 654 1380 685 in
1404 661 1494 695 aqua
1509 651 1583 684 sor-

48 713 138 737 mam
165 705 463 747 subcylindricam
492 711 690 749 recuperat.

140 764 222 796 Haec
254 765 447 807 praeeipua,
480 775 559 807 quae
598 766 641 798 de
668 774 729 798 sua
756 767 873 808 planta
900 768 1079 799 memoriae
1105 768 1260 808 prodidit,
1285 767 1490 809 Montagn03
1517 767 1583 799 de-

46 823 276 863 scriptionem
302 821 398 854 dedit
422 821 568 865 fructus,
595 832 673 865 quae
700 825 734 855 in
761 823 896 856 tructus
922 823 1158 856 Nemastomae
1184 826 1271 858 satis
1293 826 1452 867 quadrat.
1481 825 1582 857 Plan-

46 882 114 913 tam
143 888 159 913 a
188 888 241 913 me
267 889 336 914 non
364 881 472 913 visam
500 882 709 915 auctoritate
735 880 909 923 Kiitzingii
938 881 1005 914 hnc
1033 881 1158 915 refero.

45 1060 175 1114 XX·
216 1062 587 1114 SCHIZYMENIA
615 1080 650 1118 J.
681 1081 747 1129 Ay.
780 1092 898 1119 mser.
930 1083 1157 1129 Platymenia
1189 1082 1222 1121 J.
1254 1083 1321 1130 Ay.
1353 1084 1434 1121 Act.
1460 1083 1582 1123 Holm.

158 1146 258 1186 4847
295 1159 334 1196 p.
375 1146 444 1197 873
490 1149 619 1186 Iridaea
658 1150 772 1188 Grev.
811 1150 926 1196 (exet.
958 1151 1033 1198 sp.)
1066 1150 1163 1198 [non
1198 1151 1342 1199 Bory,·]
1375 1150 1512 1190 iridaeae
1544 1155 1582 1190 et

154 1215 377 1263 llalymeniae
408 1228 461 1265 sp.
493 1217 606 1254 Auce.

43 1311 161 1346 Frons
192 1306 494 1354 carnoso-plana
535 1306 678 1354 integra
719 1309 783 1343 aut
824 1307 999 1358 lacerata,
1036 1307 1178 1356 duplici
1211 1310 1326 1346 strato
1358 1310 1579 1347 cellularum

154 1374 375 1422 constituta3
417 1373 602 1410 interiore
640 1373 710 1410 silis
748 1373 954 1411 articulatis
994 1385 1107 1422 parce
1150 1376 1311 1413 ramosis
1353 1376 1581 1413 densissime

155 1440 365 1478 intertextis
406 1442 621 1488 constant03
658 1440 851 1477 exteriore
882 1441 952 1478 tilis
983 1442 1307 1480 monilisorinibus
1339 1443 1581 1481 verticalibus

153 1519 267 1545 muco
307 1506 480 1544 cohibitis
520 1510 712 1545 contexto.
780 1507 954 1545 Favellae
996 1508 1091 1545 infra
1125 1513 1283 1546 stratum
1316 1511 1483 1548 exterius
1515 1515 1581 1547 ut-

154 1575 291 1622 rinque
321 1574 546 1622 nidulantes,
579 1574 782 1625 simplices,
815 1575 909 1612 intra
942 1576 1159 1625 periderma
1203 1578 1456 1625 gelatinosum
1489 1580 1581 1626 bya-

152 1643 271 1679 linum
304 1641 509 1689 gemmidia
541 1641 755 1691 rotundat-d,
786 1641 941 1679 demum
974 1654 1041 1692 per
1071 1645 1241 1681 canalem
1273 1646 1376 1682 strati
1408 1646 1581 1682 exterio-

153 1710 204 1746 ris
237 1708 405 1758 liberata,
443 1708 627 1745 foventes.
693 1709 991 1757 Splaoerosporoe
1022 1713 1138 1748 strato
1171 1712 1351 1749 exteriori
1383 1712 1580 1763 demersae,

151 1787 301 1825 sparsae,
331 1774 525 1812 cruciatim
557 1774 693 1812 divisae.
727 1772 869 1824 [Grev.
900 1776 979 1824 Alq.
1013 1777 1111 1815 Brit.
1141 1777 1218 1816 tab.
1237 1774 1583 1826 XVJI⁷⁷Jridoea”,·

151 1843 271 1881 Harl).
303 1842 455 1891 Phycol.
488 1843 590 1880 Bric.
622 1842 699 1880 tab.
732 1843 877 1881 XCVII
902 1849 940 1881 ec
971 1844 1168 1889 CXXIII).

151 1933 320 1972 Frondes
364 1933 552 1971 coccineae
589 1936 653 1970 aut
688 1937 1032 1985 purpurascentes,
1071 1934 1204 1972 colore
1249 1935 1285 1973 in
1317 1937 1582 1987 sanguineum,

41 2002 248 2050 lilacInum,
280 2001 569 2048 amethystinunl
600 2008 663 2038 aut
694 2002 922 2051 liepatIcum,
968 2003 1023 2039 vel
1070 2003 1181 2039 senili
1227 2006 1333 2040 aetate
1379 2003 1496 2041 immo
1543 2005 1581 2040 in

43 2069 320 2106 susceseentem
367 2068 581 2118 tendentes,
628 2069 855 2117 plerumque
902 2080 1058 2120 magnae,
1103 2070 1174 2107 late
1220 2083 1406 2122 expansae,
1438 2083 1581 2109 carno-

43 2138 248 2187 so-planae,
284 2135 457 2182 margine
503 2135 708 2173 incrassato
754 2136 869 2173 affixae
914 2139 978 2174 aut
1022 2137 1149 2185 stipite
1180 2138 1410 2176 evidentiori
1442 2139 1581 2176 filisor-

42 2203 237 2250 rui-plano
275 2201 498 2252 insidentes,
536 2203 673 2250 saepius
712 2204 904 2251 gregoriae.
965 2204 1113 2242 Lamina
1144 2205 1320 2252 juvenilis
1351 2207 1581 2254 plerumque

42 2269 201 2317 integra,
232 2268 363 2305 senilis
394 2268 430 2304 in
465 2269 636 2316 plurimis
667 2270 764 2319 lissa,
809 2270 954 2307 laciniis
995 2275 1150 2308 externa
1182 2272 1215 2308 vi
1247 2275 1310 2309 aut
1341 2271 1579 2308 incremento

43 2334 160 2382 ipsius
192 2335 324 2382 plantae
356 2334 540 2383 oriundis,
568 2335 709 2371 ambitu
743 2336 962 2374 indefinitis.

155 2400 298 2449 Duplici
336 2403 452 2436 strato
491 2401 596 2437 frons
633 2405 807 2439 contexta
846 2406 911 2440 est.
982 2404 1143 2441 interius
1187 2407 1334 2441 constat
1364 2404 1433 2440 tilis
1465 2405 1580 2441 elon-

44 2468 151 2516 gatis,
196 2467 533 2514 longitudinalibus
577 2469 980 2519 transversalibusque,
1021 2471 1139 2507 dense
1174 2471 1397 2520 intertextis,
1429 2472 1580 2519 parcius

44 2535 216 2584 ramosis,
255 2535 455 2572 evidenter
493 2538 533 2570 ut
562 2534 771 2583 plurimum
803 2536 1019 2575 articulatis.
1080 2540 1283 2574 Externum
1317 2537 1386 2574 tilis
1417 2538 1580 2574 monili-

44 2602 229 2639 sormibus
271 2603 475 2640 articulatis
513 2602 968 2653 dicliotomo-sastigiatis,
1008 2604 1054 2641 ab
1093 2604 1278 2641 interiore
1309 2607 1425 2643 strato
1458 2605 1579 2643 verti-

44 2670 174 2707 caliter
203 2670 442 2718 exeuntibus,
472 2681 586 2708 muco
618 2670 873 2707 solidescentc
906 2670 1095 2720 coliibitis,
1127 2671 1379 2709 constituitur.

153 2737 306 2773 Favellae
340 2738 489 2775 ’nucleo
535 2737 695 2786 simplici
743 2740 960 2775 constantes
1006 2741 1044 2774 et
1088 2737 1224 2786 saepius
1269 2738 1436 2788 minutce,
1476 2741 1580 2776 extra

43 2804 198 2840 stratum
231 2803 391 2842 interius
422 2805 613 2854 utrinque,
655 2804 700 2841 ad
734 2805 860 2842 basem
893 2805 1041 2842 filorum
1075 2805 1321 2856 verticalium,
1352 2806 1579 2855 nidulantes,

46 2870 313 2910 secedentibus
357 2871 429 2910 fiiis
466 2871 791 2910 monilisormibus
834 2884 903 2921 per
941 2874 1109 2912 canalem
1141 2872 1328 2924 pervium,
1374 2872 1579 2922 gemmidia
