1907 3004
267 119 283 160 1
300 119 357 160 14
921 112 1130 157 Celemnae,
1547 117 1800 163 Ceremiam.

259 255 339 288 tum
370 247 645 297 conservantia,
676 251 739 285 aut
771 251 974 296 utrumque
1006 249 1206 286 rumellum
1238 248 1436 300 erigentia,
1466 254 1530 288 aut
1562 262 1677 289 unum
1724 253 1800 289 ite-

260 329 343 356 rum
383 316 689 363 decompositum
729 316 977 365 porrigentia,
1010 316 1129 354 altero
1162 317 1316 357 minori.
1375 318 1542 367 Simplici
1576 320 1675 357 serie
1708 321 1798 357 lon-

259 384 455 433 gitndinali
487 384 710 420 cellularum
744 383 1037 431 (articulorum)
1076 385 1182 421 frons
1213 388 1387 423 contexta
1421 389 1486 423 est.
1547 386 1696 424 Articuli
1730 398 1798 434 cy-

258 454 420 501 lindrici,
463 456 537 502 aut,
579 451 624 488 ad
668 452 841 498 genicula
883 451 1082 499 contracti,
1123 451 1278 499 oblongi
1312 456 1349 489 et
1379 454 1459 490 fere
1490 454 1696 505 rotundati,
1728 466 1797 503 pro

255 520 519 569 magnitudine
550 519 768 568 speciminis
808 519 1001 566 longiores
1032 523 1095 556 aut
1126 519 1332 556 crassiores
1364 524 1400 556 et
1431 520 1639 571 breviores,
1669 532 1797 558 mem-

258 589 372 626 brana
413 588 558 635 byalina
600 588 787 625 crassiore
819 590 1057 637 constantes3
1089 587 1134 624 ad
1167 588 1339 635 genicula
1373 589 1529 637 insuper
1561 594 1675 628 strato
1707 602 1798 628 cor-

257 659 354 695 ticali
403 657 569 694 obducti.
643 659 808 694 Stratum
855 655 1047 705 corticale,
1095 656 1242 693 cellulis
1280 657 1385 693 nullo
1426 657 1561 695 ordine
1595 659 1802 709 dispositis,

256 725 442 772 angulatis
484 726 719 772 contextum,
760 734 861 760 nunc
898 723 942 759 ad
982 722 1154 770 genicula
1199 734 1332 760 zonam
1366 723 1559 762 definitam
1593 727 1800 763 coloratam

257 793 504 842 constituens,
545 790 757 829 interstitiis
798 790 1018 828 membrana
1059 791 1207 828 articuli
1255 791 1352 828 nuda
1403 794 1440 828 et
1485 792 1673 840 pellucida
1720 793 1803 829 for-

254 863 378 912 matis,
409 872 511 899 nunc
541 871 635 897 zona
668 870 752 897 cum
791 862 912 909 aetate,
950 858 1141 908 praecipue
1185 858 1381 909 deorsum,
1413 860 1639 907 expanditur
1669 863 1706 896 et
1736 860 1800 897 in-

255 930 412 967 terstitia
445 932 552 965 antea
585 927 774 976 pellucida
805 928 888 975 plus
920 927 1047 964 minus
1080 926 1249 977 obducit,
1281 939 1382 964 nunc
1399 938 1504 965 zona]
1522 929 1800 977 geniculorum,

252 996 409 1043 juvenili
455 998 563 1033 aetate
609 995 861 1044 confluentes,
900 998 1033 1043 postea
1074 1006 1229 1043 quoque
1269 995 1456 1043 contiguae
1488 999 1656 1046 manent,
1687 996 1799 1033 fron-

255 1066 343 1102 dem
375 1067 489 1101 totam
521 1063 741 1100 cortic-atam
781 1062 998 1113 reddentes,
1036 1066 1153 1100 strato
1193 1063 1362 1100 corticali
1407 1064 1443 1099 in
1487 1063 1542 1100 liis
1574 1074 1661 1100 cum
1692 1067 1800 1100 fetate

254 1132 395 1169 sensim
427 1130 612 1170 densiori.
673 1131 823 1167 Cellulae
856 1130 1059 1167 corticales
1090 1131 1134 1167 ad
1168 1131 1430 1168 evolutionem
1460 1131 1685 1169 ulteriorem
1704 1143 1799 1180 pro-

253 1212 323 1249 nze,
354 1210 453 1247 szepe
486 1198 523 1235 in
556 1198 755 1247 radiculas,
787 1197 885 1246 pilos
915 1198 1059 1235 flexiles
1100 1201 1163 1235 aut
1199 1199 1366 1247 spinulas
1407 1199 1560 1248 rigidas,
1605 1199 1798 1237 exteriore

256 1267 447 1316 forcipnm
467 1267 583 1304 latere
616 1266 808 1315 praecipue
842 1266 1022 1316 insignes,
1055 1270 1289 1304 excrescunt.
1322 1266 1519 1318 Radiculae,
1552 1268 1652 1305 tubis
1684 1270 1799 1306 elon-

254 1337 346 1383 gatis
386 1335 530 1372 obtusis
569 1335 796 1384 constitutae,
833 1334 978 1382 pilique
1021 1335 1206 1372 articulati
1239 1335 1397 1385 flexiles,
1429 1334 1466 1372 in
1500 1335 1634 1372 eadem
1667 1336 1797 1384 specie

252 1406 462 1452 praesentes
494 1406 556 1438 aut
593 1402 829 1451 deficientes,
861 1414 878 1439 a
913 1403 1011 1452 loco,
1051 1413 1127 1450 qno
1168 1403 1296 1440 vivunt
1327 1403 1533 1454 individua,
1565 1404 1648 1441 sine
1680 1404 1797 1441 dubio

253 1471 435 1520 pendent.
509 1470 672 1519 Spinulae
722 1470 974 1517 rigidiusculae
1021 1470 1261 1520 acutissimae,
1303 1482 1405 1508 nunc
1442 1471 1657 1522 articulatae,
1690 1471 1797 1509 2-—4

254 1550 341 1576 raro
382 1538 552 1587 pluribus
592 1539 760 1575 articulis
799 1542 1030 1589 constantes,
1068 1550 1170 1575 nunc
1210 1538 1469 1589 inarticulatae,
1513 1539 1637 1587 quoad
1669 1541 1796 1577 locum

255 1617 330 1653 quo
362 1606 587 1643 evolvuntur
624 1609 661 1642 et
698 1605 973 1642 articulationis
1012 1617 1188 1644 normam
1228 1605 1266 1643 in
1298 1606 1458 1644 diversis
1488 1606 1701 1656 speciebus,
1734 1606 1797 1644 di-

254 1683 363 1710 verso
395 1672 512 1710 modo
545 1676 765 1710 constanter
807 1672 1072 1723 obvenientes,
1104 1673 1141 1710 in
1175 1673 1312 1710 eadem
1344 1674 1474 1722 specie
1506 1685 1597 1712 vero
1631 1674 1796 1712 rariores

251 1744 316 1777 aut
360 1740 575 1790 densiores,
621 1741 659 1778 in
707 1741 861 1778 ramulis
904 1740 1124 1787 junioribus
1155 1741 1347 1790 praecipue
1379 1742 1559 1791 insignes,
1592 1742 1628 1779 in
1660 1742 1796 1780 adultis

252 1808 518 1857 obsoletiores,
564 1809 601 1845 in
647 1808 829 1845 senilibus
868 1808 1103 1859 deficientes,
1149 1809 1355 1857 aliquando
1388 1821 1482 1847 nova
1513 1810 1624 1858 prole
1655 1812 1796 1858 praeci-

250 1888 326 1926 pue
359 1876 395 1912 in
428 1875 634 1913 fructiferis
665 1876 907 1924 pullulantes.

362 1946 518 1980 Fructus
557 1954 659 1980 nunc
699 1943 735 1980 in
777 1944 984 1991 segmentis
1027 1943 1304 1994 superioribus,
1335 1954 1438 1982 nunc
1469 1944 1506 1983 in
1539 1945 1793 1994 prolificatio-

250 2011 376 2061 nibus,
407 2011 444 2048 in
477 2012 601 2060 planta
634 2012 842 2048 favellifera
874 2011 1082 2060 saepissime
1113 2013 1286 2060 evolutis,
1319 2011 1578 2050 obvenientes.
1638 2014 1793 2050 Favellae

249 2079 288 2116 in
320 2082 521 2126 segmento
565 2081 629 2115 aut
671 2078 902 2128 abbreviato,
946 2082 1010 2116 aut
1052 2089 1186 2127 parum
1230 2082 1374 2116 mutato
1422 2081 1586 2130 sessiles,
1625 2081 1791 2118 ramellis

250 2147 475 2184 abbreviatis
507 2145 613 2183 3—ss
647 2147 900 2197 iiwotucratae,
931 2147 1108 2185 solitariae
1140 2150 1202 2184 aut
1234 2147 1394 2195 geminae
1426 2148 1521 2185 intra
1541 2148 1792 2197 involucrum,

250 2214 660 2265 cordato-rotumlatae,
702 2214 906 2262 gemmidia
947 2215 1120 2262 angulata
1154 2214 1314 2263 plurima
1347 2215 1442 2252 intra
1475 2216 1667 2253 sacculum
1699 2216 1792 2262 bya-

250 2284 368 2321 linum
415 2284 598 2320 foventes.
671 2283 969 2333 Spliaerosporae,
1023 2282 1359 2319 transformatione
1413 2284 1557 2320 celtntae
1603 2283 1792 2320 corticalis

251 2355 355 2401 ortae,
386 2354 426 2387 ut
465 2350 728 2399 magnitudine
773 2354 961 2398 augentur
1004 2350 1123 2398 magis
1154 2350 1350 2399 magisque
1382 2351 1619 2400 prominent;
1659 2351 1695 2389 in
1727 2352 1791 2388 di-

250 2419 368 2456 versis
409 2431 499 2456 vcro
544 2418 745 2467 speciebus
788 2422 851 2455 aut
895 2422 1015 2456 totum
1060 2419 1279 2466 geniculum
1319 2419 1443 2456 fertile
1475 2419 1514 2456 fit
1544 2418 1788 2456 nodoso-in-

248 2486 391 2536 flatum,
422 2490 485 2523 aut
515 2487 657 2523 cettutae
691 2486 856 2533 geniculi
891 2487 1033 2524 fertiles
1065 2486 1220 2534 singulm
1254 2489 1402 2523 tument
1433 2489 1470 2523 et
1501 2489 1601 2523 extra
1622 2486 1789 2533 reliquas

250 2553 403 2590 cellulas
449 2557 662 2602 emergunt,
707 2565 807 2591 nunc
852 2554 1068 2603 perisporio
1115 2554 1262 2602 hyalino
1308 2557 1451 2591 tantum
1496 2553 1650 2601 vestitae,
1688 2562 1788 2589 nunc

249 2624 365 2657 strato
411 2621 633 2658 cellularum
679 2622 865 2659 sterilium
911 2622 1104 2659 ambiente
1150 2625 1267 2659 tectae.
1336 2624 1376 2658 ln
1415 2620 1571 2668 singulis
1603 2619 1787 2667 geniculis

249 2691 312 2723 ant
347 2687 386 2731 l)
419 2688 563 2736 sIngula
603 2689 736 2726 cellula
776 2689 812 2726 in
855 2690 1160 2738 spliaerosporam
1190 2691 1370 2738 mutatur,
1402 2698 1483 2735 qnae
1516 2690 1604 2723 tunc
1635 2697 1788 2735 semper

250 2756 449 2792 externum
489 2756 583 2793 latus
626 2757 815 2806 forcipnm
857 2761 1036 2805 occupat;
1068 2756 1253 2804 geniculis
1283 2754 1409 2792 multis
1440 2755 1627 2792 fertilibus
1659 2755 1785 2803 spbae-

249 2832 418 2869 rosporoe
456 2823 491 2859 in
534 2824 673 2861 lineam
713 2825 1027 2872 longitudinalem
1061 2827 1219 2861 externo
1250 2823 1368 2860 latere
1399 2810 1687 2877 segmentorum
1717 2832 1784 2858 se-

249 2889 351 2927 riutae
383 2890 688 2942 conspiciuntur,
720 2895 783 2928 aut
813 2892 856 2940 2)
888 2893 1017 2940 plures
1048 2891 1190 2928 cellulae
1223 2890 1394 2939 ejusdem
1421 2890 1584 2939 geniculi
1605 2889 1640 2927 in
1658 2889 1784 2938 spbce-
