1907 3004
263 90 356 130 230
903 81 1150 125 GieAnTixEffl.

264 218 560 267 lx'allymenieoeJ,
592 227 693 254 nunc
725 215 871 254 cellulis
902 215 1127 254 abbreviatis
1159 216 1576 265 rotundato-angulatis
1594 219 1796 266 (Ti-locar-

262 288 375 335 peae),
407 284 650 333 interspersis
681 283 995 332 quandoquidem
1027 283 1096 321 filis
1128 284 1367 322 tenuioribus
1397 285 1653 335 (Calopbyllis,
1684 287 1797 333 Poly-

261 353 387 401 cuflia,
435 351 749 398 Cystoclonium).
830 354 993 388 Stratum
1045 351 1211 388 exterius
1264 352 1441 389 verticale
1488 352 1608 389 rarius
1653 353 1797 389 cellulis

261 418 499 456 xorticulilms
538 418 800 465 (Kallymenlae
842 418 1049 467 plurimae),
1092 419 1320 468 plerumque
1359 421 1428 457 [ilis
1470 420 1796 458 moniliformibus

261 490 418 525 constat.
477 486 552 523 Fila
583 485 857 523 moniliformia
889 485 1094 533 aliquando
1126 485 1316 524 sublibera
1348 490 1643 524 suntautmuco
1663 487 1795 525 laxiori

261 557 404 591 tantum
436 552 664 590 cohibentur
704 551 977 602 (Cloiocladia,
1007 552 1290 603 Gloioderma);
1322 554 1529 603 soepissimc
1561 567 1694 595 mucus
1726 568 1795 594 so-

261 621 420 671 lidescit,
451 623 489 658 et
520 621 578 657 fila
608 619 748 656 arctius
779 620 982 657 cohaerent.

372 692 518 736 Organa
556 687 855 724 fructificationis
893 687 1055 736 duplicis
1098 687 1250 735 generis
1291 686 1486 726 observata
1529 689 1694 730 fuerunt.
1740 693 1797 729 ‘lzo

260 755 523 804 Cystocarpia
562 754 633 791 situ
673 752 791 804 varia3
823 754 860 791 in
893 754 1067 802 plurimis
1100 754 1224 791 frondi
1257 755 1434 792 immersa
1467 758 1529 792 aut
1560 758 1642 805 plus
1674 759 1798 796 minus

259 822 547 872 hemisphaerice
584 821 859 871 prominentia,
898 821 1019 858 rarius
1059 821 1154 858 intra
1186 821 1444 871 pericarpium
1478 822 1637 861 omnino
1670 836 1801 863 emer-

260 901 343 927 sum
386 889 594 927 nidulantia
636 889 916 938 (Pliyllophora,
960 889 1180 937 Gigartina).
1253 889 1556 938 Carpostomium
1599 892 1799 940 proprium

260 958 454 995 rarissime
485 956 591 994 adest
623 956 877 1005 (Polyopes);
908 957 1134 1005 plerumque
1165 960 1252 994 sunt
1283 957 1515 1006 cystocarpia
1549 957 1659 995 initio
1691 959 1800 996 clau-

263 1039 316 1077 sa,
347 1026 501 1062 demum
544 1024 784 1073 disruptione
821 1025 938 1073 partis
977 1024 1178 1062 ambientis
1217 1027 1281 1061 aut
1324 1024 1538 1072 obtegentis
1581 1030 1729 1076 aperta3
1763 1028 1800 1064 in

260 1094 464 1143 generibus
503 1103 656 1142 nempe,
700 1102 865 1139 quorum
908 1091 1141 1140 cystocarpia
1181 1091 1306 1129 frondi
1340 1092 1518 1130 immersa
1550 1097 1648 1144 sunt,
1681 1094 1802 1143 parli-

260 1164 342 1200 cula
389 1160 534 1199 frondis
581 1159 858 1207 cystocarpium
905 1158 1077 1196 ambiens
1123 1170 1143 1195 a
1189 1159 1326 1196 fronde
1371 1164 1581 1211 separatur,
1626 1163 1800 1200 foramen

259 1229 434 1279 pervium
470 1230 534 1264 aut
576 1229 743 1275 cryptam
781 1226 960 1274 linquens
999 1226 1036 1263 in
1075 1227 1278 1275 superficie
1325 1227 1493 1277 frondis3
1527 1227 1562 1264 in
1595 1229 1800 1275 generibus

261 1308 373 1348 vero,
423 1307 589 1345 quorum
633 1295 866 1343 cystocarpia
907 1294 1125 1343 pericarpio
1171 1305 1324 1332 emerso
1372 1295 1516 1333 inclusa
1560 1295 1801 1347 nidulantur,

261 1367 434 1404 foramen
468 1365 571 1411 juxta
613 1362 762 1412 apicem
799 1362 1003 1411 pericarpii
1034 1361 1241 1399 umbilicati
1272 1364 1356 1411 plus
1386 1363 1511 1400 minus
1544 1363 1659 1401 latum
1691 1375 1800 1402 rum-

261 1433 373 1482 pitur.
433 1432 595 1470 Nucleus
627 1431 708 1480 ipse
741 1430 862 1468 oritur
893 1430 1039 1467 cellulis
1070 1430 1353 1478 praegnantibus
1384 1430 1569 1480 plurimis,
1600 1433 1800 1471 nucleolos

260 1501 421 1538 totidem
453 1499 715 1538 formantibus.
775 1498 944 1537 Nucleoli
978 1508 1068 1535 vero
1101 1501 1164 1535 aut
1195 1498 1242 1534 ita
1274 1499 1548 1549 coalescentes,
1565 1499 1800 1537 ntnucleum

261 1569 473 1618 simplicem
515 1567 758 1614 (membrana
799 1577 889 1604 vero
932 1567 1033 1603 nulla
1076 1565 1272 1603 communi
1315 1566 1506 1612 cinctum)
1550 1567 1704 1604 efficere
1741 1567 1800 1604 vi-

261 1637 424 1674 deantur
454 1636 692 1684 (Polyopes),
722 1637 786 1671 aut
815 1633 1066 1682 adproximali
1099 1636 1136 1670 et
1161 1632 1381 1670 membrana
1400 1632 1621 1670 cellularum
1640 1633 1799 1671 invicem

261 1706 404 1740 tantum
452 1703 612 1750 separati
646 1703 941 1750 (Tylocarpeae),
982 1704 1045 1738 aut
1075 1700 1282 1749 saepissime
1313 1701 1384 1738 filis
1416 1701 1607 1738 sterilibus
1640 1701 1800 1738 invicem

261 1770 443 1819 sejuncti,
494 1770 674 1806 nucleum
719 1768 974 1817 compositum
1029 1768 1243 1806 evidentius
1288 1770 1556 1805 monstrantes.
1629 1768 1800 1807 Nucleoli

261 1847 364 1874 nunc
408 1836 743 1873 transformatione
789 1837 940 1872 filorum
984 1835 1129 1872 frondis
1175 1835 1247 1873 orti
1293 1838 1330 1872 et
1373 1847 1568 1873 ramorum
1606 1836 1650 1874 ad
1684 1837 1801 1873 instar

261 1905 331 1941 filis
372 1903 576 1954 sterilibus,
614 1903 713 1939 vices
744 1904 925 1952 placentae
958 1903 1191 1950 gerentibus,
1221 1903 1347 1940 adnati
1379 1901 1668 1952 (favellide'a),·
1698 1914 1800 1940 nunc

263 1982 353 2008 vero
385 1970 561 2008 oriuntur
590 1983 609 2007 a
641 1970 786 2007 cellulis
817 1982 950 2019 parum
982 1970 1258 2008 transformatis
1291 1970 1439 2008 frondis
1470 1967 1688 2019 (caladia),
1721 1971 1798 2007 siro

263 2037 445 2088 contigui,
475 2038 552 2075 sive
586 2038 654 2074 filis
684 2037 877 2075 sterilibus
907 2038 1081 2085 sejuncti.
1141 2037 1432 2075 Favellidiorum
1465 2037 1632 2075 nucleoli
1665 2041 1729 2075 aut
1762 2038 1800 2075 in

262 2105 333 2143 filis
377 2105 569 2142 sterilibus
614 2105 862 2142 circumcirca
901 2105 1088 2155 dispositi,
1120 2105 1151 2143 b.
1188 2117 1220 2145 e.
1253 2117 1272 2142 a
1303 2107 1476 2154 placenta
1508 2105 1665 2143 centrali
1696 2117 1799 2154 quo-

262 2172 469 2210 dammodo
502 2171 689 2210 radiantes
721 2172 977 2221 (Gloiopeltis,
1009 2172 1229 2220 Rissoella);
1261 2175 1325 2209 aut
1355 2172 1453 2209 inter
1484 2173 1601 2210 flexus
1619 2175 1798 2222 placentie

265 2239 490 2277 reticulatim
537 2240 739 2277 ambientis
784 2240 891 2288 quasi
938 2240 1084 2277 loculos
1129 2241 1298 2277 minutos
1343 2240 1599 2290 interspersos
1630 2240 1798 2278 efficiunt

264 2306 548 2355 (Gigartineoe).
581 2307 792 2346 Gemmidia
825 2308 1023 2346 rotundata
1043 2311 1106 2345 aut
1120 2308 1319 2357 pressione
1336 2310 1464 2345 mutua
1482 2308 1798 2357 angulata,muco

264 2375 321 2411 vix
351 2375 559 2424 conspicuo
593 2375 755 2413 invicem
786 2379 970 2426 separata,
1003 2376 1099 2413 intra
1131 2376 1391 2413 membranam
1422 2376 1586 2414 nucleoli
1605 2376 1710 2413 nullo
1729 2387 1797 2412 or-

263 2443 352 2479 dine
398 2442 636 2493 conglobata,
682 2443 844 2492 plurima
890 2444 1072 2493 (attamen
1119 2455 1230 2492 quam
1278 2444 1316 2480 in
1361 2443 1504 2482 favellis
1548 2443 1667 2480 inulto
1700 2452 1799 2491 pau-

265 2508 387 2555 ciora)
404 2504 458 2555 ἦ).

358 2687 391 2728 Ὅ
418 2687 604 2721 ΡηγοΙΙίᾱίη
643 2691 678 2721 et
715 2689 847 2722 Kalidia
881 2690 964 2723 licet
990 2691 1023 2722 in
1050 2690 1226 2723 nonnullis
1258 2688 1446 2730 generibus
1473 2690 1680 2730 adspectum
1708 2690 1797 2722 olsc-

266 2745 345 2775 rant
369 2745 554 2778 admodum
587 2747 775 2790 diversum,
810 2750 926 2780 tamen
954 2749 987 2781 in
1015 2749 1090 2781 aliis
1116 2748 1334 2780 intermediis
1361 2748 1538 2779 confluere
1565 2747 1646 2779 mihi
1674 2748 1797 2780 viden-

267 2803 332 2831 tur.
396 2801 435 2837 ln,
468 2804 667 2847 generibus,
706 2815 854 2847 qnorum
894 2807 1029 2839 cellulas
1067 2807 1205 2838 steriles
1244 2805 1440 2838 rotundatu}
1479 2808 1579 2849 sunt,
1618 2808 1704 2848 ipsae
1743 2808 1796 2840 lim

267 2858 413 2903 cellula,
453 2861 508 2893 vix
542 2865 695 2906 mutatzr,
722 2866 946 2907 praegnantes
975 2864 1148 2906 evaduut3
1174 2864 1324 2896 nucleoli
1353 2863 1566 2896 mcmbranis
1593 2865 1795 2898 cellularum
