1907 3004
264 62 323 103 30
332 62 358 102 S
905 53 1153 96 GicAnrixEAE.
1486 51 1803 109 Cystoclom'um.

354 191 468 223 Fucus
496 187 683 221 acu-utaris
710 183 791 227 Esp.
819 183 886 217 lab.
915 185 970 216 al.

356 250 437 280 Exs.
472 244 596 288 ll'yalt.
624 244 696 288 Alq.
725 242 853 276 Duum.
880 253 914 277 n.
943 243 998 276 Ἧι.

374 318 462 356 llab.
507 319 544 355 in
589 315 776 365 lapidibus
829 315 1015 363 Fucisque
1062 315 1196 352 oceani
1242 315 1406 353 atlantici
1452 328 1470 353 a
1518 314 1645 353 liltore
1690 316 1804 354 maris

263 387 428 436 glacialis
474 396 593 433 usque
639 384 684 422 ad
726 384 883 421 Galliam
925 383 1169 434 inferiorem;
1209 384 1255 421 ad
1298 384 1399 421 iittus
1431 384 1610 422 Anierieae
1641 383 1805 422 borealis

263 455 459 503 (llarvey).

356 531 466 564 Frons
506 540 523 563 a
561 529 681 562 radice
719 529 858 562 scutata
898 530 958 561 aut
996 528 1148 570 demum,
1187 527 1285 560 fibris
1324 528 1537 562 radicalibus
1571 528 1613 561 ab
1641 528 1805 562 inferiore

261 592 361 633 parte
398 590 531 630 stipitis
568 587 837 630 pullulantibus,
875 586 1004 619 librosa
1044 595 1205 629 surgens,
1244 595 1341 628 saepe
1379 587 1527 631 pedalis,
1566 588 1806 630 subpinnatim

266 648 510 682 ramosissima
549 648 584 679 et
619 646 876 688 decomposita,
915 645 1021 678 ramis
1058 654 1151 677 nunc
1190 644 1302 678 frondi
1346 644 1589 678 conformibus
1616 649 1651 679 et
1681 646 1806 679 eodem

264 707 367 740 modo
406 706 605 748 ramulosis,
645 714 737 737 nunc
776 703 884 737 multo
925 703 1149 736 tenuioribus
1189 703 1403 736 abbreviatis
1439 705 1474 736 et
1505 704 1806 746 subcorymbosis.

262 766 396 799 Ramuli
423 766 586 807 patentes
615 763 767 804 elongati
796 764 831 795 et
856 762 1049 805 filiformes,
1076 761 1152 795 basi
1180 762 1258 803 plus
1284 763 1400 794 minus
1424 763 1605 806 attenuati,
1621 762 1807 804 medioque

263 824 464 865 incrassati,
493 824 593 864 apice
621 831 763 863 semper
789 822 993 865 acuminati,
1022 818 1327 864 ¹s2——lpollicares
1356 822 1415 853 aut
1441 821 1630 863 longiores,
1646 822 1807 853 crassitie

264 882 462 923 capillares,
490 881 622 913 setacei
663 881 723 912 aut
758 881 864 911 immo
903 888 1057 921 pennam
1094 881 1316 921 passerinam
1355 881 1550 921 aequantes.
1613 879 1747 912 Kalidia
1774 880 1808 911 in

264 939 398 971 ramulo
436 938 517 970 binc
555 938 689 970 nodoso
728 938 846 969 intlato
886 938 1062 980 immersa,
1101 938 1237 977 singula
1277 938 1330 969 vel
1369 946 1482 979 usque
1523 939 1702 982 quaterna,
1729 946 1807 969 raro

262 998 362 1039 plura
401 999 435 1029 in
474 997 623 1037 singulis
658 997 775 1039 ramis,
816 997 969 1028 invicem
996 996 1174 1039 distantia,
1202 997 1335 1029 ramulo
1364 997 1468 1038 triplo
1496 996 1671 1029 crassiora
1701 997 1736 1027 et
1761 996 1808 1028 ita

265 1055 497 1087 circumcirca
533 1055 781 1097 prominentia,
821 1054 1041 1087 semilineam
1080 1055 1251 1087 diametro
1291 1056 1478 1097 aequantia.
1543 1054 1807 1097 Sphoerosporae

264 1114 298 1144 in
327 1113 470 1144 ramulis
508 1113 715 1144 incrassatis
755 1113 943 1145 immersae.
994 1113 1096 1145 Color
1122 1121 1553 1155 carneo-purpurascens.
1603 1112 1806 1156 Substantia

264 1170 547 1203 membranacea.
596 1169 750 1202 Stratum
778 1170 971 1203 medullare
999 1170 1101 1211 hujus
1129 1171 1229 1203 valde
1256 1172 1501 1213 conspicuum.

358 1228 523 1261 Verrucae
547 1228 787 1261 verruculosae
814 1229 848 1260 iu
877 1229 982 1261 ramis
1010 1228 1213 1272 majoribus,
1243 1232 1277 1262 et
1303 1231 1423 1271 apices
1457 1229 1669 1262 ramulorum
1709 1229 1809 1260 cirris

264 1286 453 1319 ramulosis
492 1285 676 1318 instructae
715 1294 783 1318 non
823 1294 900 1318 raro
941 1286 1143 1320 obveniunt.
1206 1287 1303 1319 Hanc
1337 1288 1542 1320 varietatem
1569 1285 1810 1328 Scorpioidem

267 1348 325 1378 aut
351 1343 560 1377 Cirrhosam
586 1343 727 1384 plurimi
754 1343 898 1377 faciunt.
938 1344 1086 1377 Nomine
1113 1345 1315 1378 Gracilariae
1343 1345 1545 1378 cirrbifoliae
1570 1344 1675 1378 Sultr.
1701 1353 1809 1378 mser.

265 1405 446 1445 specimen
475 1412 493 1435 a
521 1402 604 1443 Cap.
631 1401 664 1434 b.
705 1401 788 1443 Spei
827 1411 846 1434 a
884 1402 1008 1436 Subrio
1047 1405 1124 1445 ipso
1165 1405 1465 1437 communicatum
1503 1403 1627 1446 babeo,
1666 1403 1760 1445 quod
1792 1411 1810 1435 a

265 1460 387 1494 formis
421 1461 591 1503 Europeis
619 1460 712 1503 Cyst.
739 1463 1033 1503 purpurascentis
1061 1463 1271 1503 dignoscere
1297 1472 1367 1496 non
1400 1463 1512 1495 valeo.
1574 1462 1810 1505 Spbaerospo-

266 1529 322 1552 ras
348 1521 500 1552 zonatim
528 1519 670 1563 divisas,
698 1521 789 1553 inter
814 1520 959 1554 cellulas
999 1523 1188 1555 corticales
1216 1524 1417 1555 immutatas
1444 1522 1655 1565 nidulantes,
1685 1521 1719 1553 in
1745 1519 1811 1552 bac

267 1585 407 1620 quoque
434 1578 517 1610 vidi.

265 1703 302 1743 2.
335 1708 437 1743 Crsr.
469 1714 639 1744 airricus
672 1707 759 1755 (Ay.
791 1717 848 1755 sp.
879 1717 916 1754 p.
952 1703 1052 1753 347)
1094 1707 1232 1745 fronde
1278 1706 1390 1744 tereti
1436 1705 1695 1756 subpinnatim
1740 1705 1810 1742 ‹le-

377 1775 788 1826 composito-ramosa,
821 1775 935 1812 ramis
966 1775 1201 1823 ramulisque
1232 1774 1475 1812 filiformibus
1507 1774 1686 1821 utrinque
1711 1775 1811 1809 atte-

379 1841 517 1891 nuatis,
555 1842 685 1879 medio
726 1842 991 1892 subcrassiori,
1034 1842 1279 1891 cystocarpiis
1316 1843 1354 1879 in
1392 1852 1499 1879 ramo
1540 1840 1813 1878 unilateraliter

377 1908 686 1957 prominentibus
718 1909 1026 1958 liemisplircricis.

361 1984 643 2027 Spbaerococcus
671 1984 825 2018 difficilis
853 1984 911 2028 Ay.
939 1985 961 2020 l.
988 1995 1019 2019 c.
1046 1987 1079 2018 et
1103 1985 1195 2029 Syst.
1219 1995 1255 2028 p.
1282 1986 1360 2019 ⁶236.
1387 1983 1490 2019 lfae'c'lz..
1517 1994 1567 2029 sp.
1590 1995 1625 2029 p.
1653 1985 1733 2018 7761

378 2055 466 2093 Ilab.
499 2055 544 2093 ad
578 2067 665 2093 oras
697 2056 858 2093 Brasiliae
889 2057 1153 2105 (Cliamissol).

362 2131 509 2174 Species
548 2131 665 2174 quoad
704 2134 889 2165 externum
929 2131 1087 2165 habitum
1115 2134 1149 2165 et
1176 2134 1392 2166 structuram
1418 2134 1590 2167 internam
1619 2143 1637 2167 a
1665 2134 1700 2166 C.
1726 2143 1813 2176 pur-

266 2191 470 2232 purascenti
512 2191 569 2222 vix
607 2190 869 2230 distinguenda.
928 2190 1090 2233 Capsulm
1130 2200 1211 2224 vero
1253 2192 1334 2224 mibi
1363 2190 1527 2225 videntur
1554 2193 1716 2236 majores,
1744 2202 1812 2226 uno

267 2250 376 2281 latere
413 2248 547 2281 frondis
585 2249 807 2291 prominulae,
842 2249 1135 2291 liemispbaericse.
1185 2250 1383 2284 Reticulum
1416 2252 1560 2284 cellulas
1586 2253 1812 2293 praeguautes

269 2305 392 2338 lx'alidii
420 2315 601 2349 separans,
629 2308 663 2339 in
689 2309 811 2349 specie
837 2309 1006 2349 praesenti
1034 2309 1136 2341 valde
1162 2310 1340 2343 evolutum
1366 2310 1448 2354 vidi,
1476 2311 1813 2352 gemmidiispaucis

268 2366 358 2397 intra
386 2365 530 2397 cellulas
558 2365 673 2398 adhuc
700 2366 860 2399 inclusis.

362 2423 570 2457 Varietatem
594 2425 849 2468 planicomam,
878 2426 899 2458 l.
927 2436 958 2459 c.
986 2426 1212 2469 descriptam,
1241 2431 1357 2460 utrum
1386 2427 1429 2460 ad
1445 2428 1534 2461 banc
1557 2428 1713 2469 speciem
1728 2434 1812 2468 per-

269 2481 378 2513 tineat
404 2490 446 2514 an
475 2482 517 2514 ad
546 2483 651 2515 aliam
678 2486 713 2516 et
738 2483 857 2516 forsan
885 2484 1177 2528 diversissimam,
1205 2484 1398 2526 dijudicare
1425 2494 1494 2518 nou
1521 2485 1645 2518 audeo.

270 2616 303 2655 3.
336 2622 436 2657 Crsr.
468 2628 747 2660 iiminaaxacauu
779 2622 919 2667 (Hara.
951 2621 1033 2670 Alq.
1069 2622 1191 2659 Tasm.
1221 2633 1260 2669 p.
1298 2621 1363 2669 ll)
1402 2621 1537 2659 fronde
1577 2619 1685 2657 tereti
1717 2618 1811 2656 sub-

380 2686 908 2740 diebotomo-decomposita,
948 2689 1062 2727 ramis
1091 2689 1234 2727 sensim
1265 2688 1546 2738 angustioribus
1578 2686 1811 2733 ramulisrpie

381 2754 620 2793 liliformibus
664 2756 844 2806 utrinque
883 2757 1098 2808 attenuatis,
1136 2757 1267 2795 medio
1309 2754 1572 2805 subcrassiori,
1616 2755 1811 2801 cystocar-

379 2819 452 2868 piis
485 2850 491 2859 .
526 2850 533 2859 .
566 2853 573 2861 .
606 2853 614 2862 .
648 2853 657 2874 ,
688 2823 899 2873 parietibus
932 2824 1155 2863 cellularum
1188 2824 1377 2862 tenuibus.
