1907 3004
60 75 212 135 Halym
219 81 326 121 ania.
675 77 962 122 CRYPTONEMEAE.
1496 88 1521 126 2
1530 87 1585 126 01

155 206 301 248 Species
339 206 618 250 distinctissima,
657 211 695 241 ut
732 218 871 252 quoqne
899 212 1077 244 rarissima
1105 212 1252 255 videtur,
1279 220 1358 246 cum
1385 212 1423 245 11.
1448 214 1591 254 ligulata

58 267 151 299 nullo
192 266 293 298 modo
329 266 576 306 comparanda.
627 266 790 307 Dingnosi
819 269 860 301 al)
888 269 1179 303 antecedentibus
1206 280 1299 311 segre
1326 271 1591 304 circumscribi—

58 328 124 366 tur,
163 322 401 363 magnitudine
442 323 604 356 facillime
644 326 820 358 distincta.
882 329 1004 366 Quoad
1042 330 1254 361 structuram
1282 339 1359 363 cnm
1387 330 1425 362 11.
1452 332 1590 362 floresia

57 383 244 413 convenire
272 380 354 412 mihi
382 381 529 414 videtur.
580 384 720 416 Cellulzn
747 386 986 426 superficiales
1015 387 1218 428 verticales3
1246 387 1333 420 infra
1363 388 1423 420 lius
1451 388 1586 420 cellulas·

56 438 251 471 rotundatae
290 438 439 478 majores
478 442 512 471 et
548 440 738 473 subinanes
776 444 899 483 paucis
926 443 1087 476 seriebus
1115 444 1314 487 dispositm,
1342 446 1396 478 iila
1424 447 1590 478 interiora

56 499 186 530 arctius
213 497 463 540 conglutinata,
492 499 592 531 acido
619 500 806 540 superfuso
835 501 997 534 distenta.

56 599 88 637 t.
122 602 159 638 11.
189 608 340 637 ramosi
382 599 520 645 [Clem.
553 601 645 639 Ens.
690 614 727 650 p.
775 602 873 648 318)
919 603 1098 640 coccinea
1144 605 1406 656 semipedalis,
1453 606 1590 644 fronde

163 667 651 716 cylindraceo-compressa
684 669 1219 715 gelatinoso-membranacea
1261 672 1590 722 subcariilagineu,

162 735 454 772 ‹li-tricliotoma
495 735 691 785 fastigiata,
733 736 938 783 segmentis
978 736 1463 789 subcuneato-linearilius,
1502 739 1588 787 api-

165 802 270 839 cibus
304 801 459 838 obtusis.

146 877 259 910 Fucus
286 878 444 917 trigonus
471 875 576 909 Clem.
603 876 624 909 l.
653 887 682 910 c.
713 877 795 917 (fide
821 886 875 919 sp.
904 886 921 910 a
948 878 1098 912 Cabrera
1126 881 1242 921 miss.)

148 935 350 976 lialymenia
377 935 512 974 trigona
541 943 611 966 var.
641 935 867 975 cartilaginea
895 934 955 979 Ay.
982 946 1033 980 sp.
1060 937 1130 981 Aly.
1154 948 1189 981 p.
1215 938 1299 971 ⁰2⁴4!

144 991 397 1024 Halarachinon
425 992 597 1032 trigonum
625 990 727 1026 Killz.
754 1001 805 1035 sp.
827 1003 864 1035 p.
889 994 982 1027 722?

161 1061 247 1099 llal).
281 1061 318 1098 in
349 1062 442 1098 mari
473 1062 651 1101 atlantico
682 1063 727 1100 ad
759 1064 880 1101 Gades
911 1065 1155 1116 (Cal)reral);
1192 1067 1236 1104 ad
1271 1068 1372 1105 littus
1402 1068 1587 1108 Galliciae!

142 1137 259 1179 Stipes
293 1139 552 1182 cartilagineus,
584 1148 736 1181 pennam
771 1141 1006 1174 columbinam
1034 1152 1189 1185 aequans,
1216 1153 1298 1177 mox
1324 1146 1527 1178 extenditur
1552 1148 1585 1178 in

50 1195 206 1228 frondem
245 1196 390 1236 digitum
430 1198 602 1230 minorem
643 1207 810 1242 crassam,
852 1202 1059 1233 tenuissime
1096 1201 1421 1246 membranaceum,
1466 1204 1586 1236 exsic-

50 1256 186 1287 catione
223 1255 364 1286 omnino
403 1255 607 1300 collapsam,
646 1247 989 1301 subcartilagineam,
1018 1259 1327 1301 4—6pollicarem.
1368 1261 1585 1294 Ramiticatio

50 1313 260 1355 dicliotoma‚
286 1321 378 1346 nunc
405 1312 625 1357 tricliotoma,
653 1313 840 1355 fastigiata.
889 1317 1012 1350 Axillae
1040 1319 1250 1351 rotundatae.
1297 1318 1485 1359 Segmenta
1513 1322 1586 1351 ter-

48 1371 186 1403 minalia
214 1371 391 1413 lingulata,
419 1380 514 1413 saepe
541 1371 687 1414 abrupta
716 1375 750 1405 et
776 1374 819 1406 ad
846 1375 1032 1408 cicatrices
1059 1376 1266 1418 incrassata,
1291 1376 1457 1418 prolifera
1474 1378 1585 1418 (quod

46 1429 218 1470 proximis
250 1428 438 1470 speciebus
466 1437 652 1463 commune
678 1431 844 1472 videtur).
893 1434 995 1465 Color
1021 1433 1093 1466 sere
1123 1436 1326 1468 coccineus.
1375 1436 1522 1468 Favellfe
1552 1436 1585 1467 in

47 1488 239 1526 segmentis
267 1486 511 1527 superioribus
538 1497 672 1530 sparsae
700 1491 751 1530 (in
777 1491 907 1523 nostris
933 1493 1179 1535 per-paucae),
1206 1493 1329 1526 iisdem
1365 1494 1403 1526 H.
1431 1495 1584 1535 ligulatm

46 1544 118 1577 fere
158 1545 263 1586 duplo
302 1545 463 1586 maj0res.
525 1546 791 1588 Sphaerosporre
817 1550 969 1589 generis.
1017 1549 1090 1582 Fila
1116 1551 1281 1583 interiora
1307 1552 1386 1585 laxa
1413 1554 1447 1584 et
1473 1554 1584 1593 magis

47 1602 190 1634 elastica
217 1605 321 1645 atque
348 1605 525 1637 strictiora
552 1614 656 1646 qnam
684 1607 717 1638 in
743 1607 913 1647 proximis
941 1607 1120 1649 videntur,
1142 1610 1179 1641 ut
1193 1610 1392 1650 superficiei
1415 1610 1585 1652 adproxi-

45 1663 185 1694 mantur
211 1662 244 1693 in
273 1662 419 1694 cellulas
444 1663 662 1706 rotundatas,
689 1673 972 1706 quoquoversum
1000 1667 1285 1700 anastomosibus
1313 1677 1391 1700 cum
1412 1670 1583 1709 proximis

43 1717 195 1760 junctas,
226 1718 365 1752 abeunt.
427 1719 486 1752 His
525 1722 696 1762 proximae
728 1724 810 1754 sunt
835 1723 971 1756 cellulae
999 1723 1156 1764 ejusdem
1184 1725 1256 1757 fere
1283 1725 1415 1769 formae,
1444 1730 1478 1760 at
1504 1735 1583 1760 cum

43 1777 169 1809 vicinis
197 1776 341 1809 densius
368 1780 562 1820 concretae3
593 1779 835 1821 superficiales
862 1781 1013 1823 denique
1041 1783 1183 1815 minutae
1211 1783 1377 1817 coloratae
1405 1785 1583 1817 subverti-

45 1833 151 1866 cales.
213 1832 247 1866 ln
283 1835 403 1877 planta
440 1836 700 1879 sphaerosporis
739 1840 871 1882 ornata,
911 1840 1152 1882 superficiales
1180 1841 1316 1875 cellulae
1344 1842 1415 1875 fere
1442 1844 1582 1876 seriata}

45 1895 138 1925 sunt

137 1949 284 1983 Nomine
323 1952 425 1994 hujus
463 1955 608 1997 speciei,
648 1954 768 1988 formae
807 1955 959 1990 Scinaiae
994 1956 1186 1991 furcellatae
1213 1959 1246 1991 in
1273 1958 1452 1993 Herbariis
1485 1969 1581 2001 saepe

50 2007 371 2054 deprehenduntnr,
409 2011 492 2043 licet
527 2013 668 2052 species
706 2015 778 2047 sint
811 2014 1075 2048 diversissimae.
1137 2015 1174 2049 In
1204 2017 1392 2059 speciebus
1418 2017 1581 2058 Algarnm

45 2064 209 2105 Agardhii
235 2067 301 2099 sub
328 2069 470 2101 nomine
498 2069 536 2102 H.
562 2071 709 2111 trigonae
735 2072 854 2113 plures
880 2074 1021 2114 species
1048 2082 1187 2116 quoque
1214 2076 1424 2117 conjunctae.
1463 2077 1512 2108 Ex
1528 2077 1580 2108 liis

43 2132 172 2157 nomen
210 2125 400 2159 Clementis
436 2128 479 2160 ad
518 2131 732 2170 praesentem
769 2132 925 2172 speciem
962 2133 1129 2175 pertinet,
1154 2133 1222 2165 lide
1249 2136 1484 2176 speciminum
1511 2134 1579 2167 Ca-

42 2181 168 2213 hrerte.
207 2200 252 2205 -
289 2183 362 2216 Hal.
401 2187 537 2226 trigona
575 2187 618 2219 ad
645 2187 684 2221 H.
712 2188 908 2229 elongatam
935 2191 1095 2230 proxime
1122 2192 1294 2224 accedere
1322 2193 1579 2240 niiiiiyidetur,

44 2239 105 2271 sed
144 2239 284 2272 brevior
311 2244 346 2274 et
369 2242 485 2287 latior,
522 2247 627 2286 atque
668 2247 785 2279 colore
825 2249 860 2279 et
886 2248 1084 2281 substantia
1111 2251 1221 2290 magis
1249 2259 1398 2283 succosa
1428 2251 1579 2283 diversa.

44 2295 305 2337 Speciminibus
343 2299 501 2339 pluribus
539 2303 624 2334 visis
663 2303 781 2336 forsan
820 2305 944 2337 melius
983 2305 1205 2340 definiendae.
1266 2308 1316 2340 Ex
1353 2308 1578 2340 adnotatione

43 2353 204 2387 Cabrerae
242 2357 341 2396 patet
379 2355 440 2388 has
479 2358 616 2398 plantas
654 2362 689 2392 et
729 2361 771 2392 ab
812 2362 888 2402 ipso
922 2363 956 2393 et
982 2371 1000 2394 a
1026 2363 1194 2397 Clementi
1233 2365 1418 2398 distinctas
1446 2364 1578 2396 haberi.

43 2410 160 2452 Stipes
199 2413 382 2453 elongatus
423 2415 670 2456 cartilagineus
710 2417 741 2449 in
779 2420 945 2460 praesenti
985 2420 1102 2463 adest,
1140 2421 1340 2455 inferiorem
1378 2425 1511 2464 partem
1539 2422 1578 2454 11.

45 2469 216 2510 elongatae
243 2479 311 2503 non
338 2471 419 2505 vidi.

43 2597 82 2633 11.
117 2594 272 2635 Fronde
286 2596 886 2649 qelalmoso-membranacea,
905 2612 1149 2652 compressa
1167 2607 1241 2643 ctu!
1258 2602 1576 2656 (Iemumplana,

332 2663 577 2715 dichotoma,
603 2666 983 2716 prolificaliom‘bus
1015 2669 1282 2720 subpe'tmala.

44 2764 80 2802 5.
113 2768 150 2802 H.
183 2775 351 2804 LiGULATA
382 2762 584 2816 [Woodw.
617 2767 731 2806 Lz'nn.
766 2769 827 2806 Tr.
860 2770 927 2807 III.
963 2782 1001 2818 p.
1043 2772 1114 2817 54)
1161 2773 1295 2810 fronde
1338 2775 1574 2821 gelatinoso-

151 2833 442 2872 membranacea
481 2837 856 2888 compresso-plana,
898 2838 1031 2877 lineari
1074 2843 1111 2877 et
1154 2839 1370 2879 dicliotoma
1408 2845 1472 2878 aut
1502 2854 1574 2880 cu-
