1907 3004
234 97 292 133 46
892 92 1101 132 (laminam.
1439 90 1773 136 Callitlzamnion.

230 223 456 266 pinnularum
494 228 639 262 sparsze,
679 227 775 260 saepe
814 219 983 252 solitariae
1016 223 1051 253 et
1078 220 1195 253 axillae
1221 221 1491 262 adproximatae.
1540 222 1684 255 Articuli
1714 231 1772 255 ra-

231 289 365 312 morum
390 278 636 320 principalium
663 277 735 310 fere
763 276 854 319 lrplo,
882 278 1106 319 pinnularum
1131 279 1212 320 Gzplo
1241 279 1411 312 diametro
1438 279 1629 320 longiores.
1668 281 1772 314 Color

230 346 364 370 roseus.
414 337 496 376 Alga
523 336 718 376 gracillima
746 335 995 377 pulcherrima.

323 393 415 426 lnter
440 393 474 425 C.
501 393 716 435 Thuyoidem
744 397 780 426 et
803 393 840 426 C.
867 395 1097 435 tripinnatum
1123 395 1342 442 intermedia,
1370 396 1768 430 ramificationemillius

228 462 309 486 cum
335 452 510 485 fructibus
535 452 638 494 hujus
665 452 898 494 conjungens.

230 546 288 583 44..
323 549 360 584 C.
390 555 620 583 TfflPlNNA'rUJl
653 545 825 590 (Gratel.
859 544 1006 598 mser.)
1039 546 1175 584 fronde
1216 547 1468 585 erectiuscula
1505 548 1652 585 alterne
1690 548 1765 585 de—

340 612 742 661 composito-pinnata
773 613 945 662 disticha,
979 613 1130 651 inferne
1162 614 1317 651 demum
1349 615 1542 665 corticata,
1585 615 1765 664 plumulis

345 680 451 718 l—2
483 680 667 729 pinnatis,
697 680 864 728 pinnulis
895 681 1110 729 patentibus
1140 681 1369 730 subsalcatis,
1399 681 1523 718 infima
1554 682 1680 730 pinnae
1698 695 1770 720 cu-

334 748 451 794 jusvis
481 748 695 785 subaxillari
728 759 746 785 a
778 748 1027 796 sequentibus
1060 752 1219 798 remota,
1249 749 1522 798 spliaerosporis
1552 750 1589 786 in
1615 750 1769 799 pinnula

345 815 559 865 (praecipue
588 815 753 861 axillari)
787 815 961 853 interiori
993 817 1111 854 latere
1142 817 1332 855 secundis.

322 893 516 926 Mertensia
543 893 732 934 tripinnata
761 890 895 925 Gratel.
921 901 1029 926 mser.

326 951 461 983 Callith.
498 951 728 991 tripinnatum
764 949 822 993 Ay.
857 960 908 993 sp.
935 950 1005 994 Alq.
1032 950 1080 984 II.
1103 960 1138 994 p.
1170 951 1244 984 468.
1274 949 1308 983 J.
1334 949 1391 994 Ay.
1417 950 1532 993 Symb.
1554 961 1590 995 p.
1617 951 1672 984 45.
1701 950 1771 994 Alq.

233 1009 321 1043 med.
344 1020 379 1052 p.
407 1010 462 1042 72.
495 1008 603 1042 Harv.
637 1009 775 1051 Phycol,
793 1007 892 1059 Brit.
919 1008 987 1042 tab.
1016 1009 1075 1042 771
1105 1009 1268 1049 (eximiel
1296 1018 1364 1042 non
1391 1009 1492 1043 Harv.
1518 1012 1552 1043 in
1579 1010 1676 1044 Britt.
1702 1009 1770 1045 Fi.)

326 1068 641 1101 Phlebothamnion
666 1068 906 1116 tripinnatusn
922 1056 1024 1116 Il'ffz:
1050 1077 1102 1110 sp,
1123 1077 1161 1110 p.
1187 1067 1272 1100 654!

345 1139 431 1177 Hal).
465 1140 501 1176 in
535 1139 691 1187 rupibus
721 1132 1140 1188 marismediterranei
1172 1139 1217 1175 ad
1249 1139 1375 1175 littora
1395 1139 1595 1177 Occitaniae
1619 1138 1772 1187 (Ipsel),

233 1212 271 1246 et
302 1208 437 1247 oceani
469 1206 635 1244 atlantici
666 1206 710 1243 ad
744 1206 867 1244 littora
899 1199 1322 1260 Gallire-(Gra'teloupl)
1355 1210 1393 1243 et
1422 1207 1633 1244 Britanniae.

323 1284 433 1317 Frons
459 1283 650 1323 caespitosa
677 1283 764 1314 l—2
790 1282 981 1325 pollicaris,
1010 1283 1143 1315 alterne
1177 1282 1515 1327 3—4:dri—pinnata,
1556 1286 1627 1317 tota
1667 1285 1772 1318 disti-

231 1343 308 1376 cha.
368 1342 496 1374 Rachis
533 1341 699 1382 primaria
736 1340 871 1372 inferne
910 1340 1007 1373 fibris
1033 1342 1181 1374 inclusis
1208 1343 1390 1375 corticata.
1440 1342 1561 1374 Pinnae
1587 1342 1771 1375 inferiores

230 1399 423 1442 breviores,
461 1399 589 1431 mediae
625 1398 813 1441 longiores,
848 1399 982 1431 ambitu
1008 1399 1403 1433 obovato-lanceolatae.
1453 1400 1611 1433 Pinnuloe
1640 1400 1770 1433 infimae

230 1458 349 1499 pinnae
387 1456 542 1499 cujusvis
580 1456 869 1497 simpliciusculae
907 1459 967 1489 aut
992 1458 1061 1489 ima
1087 1457 1162 1490 basi
1189 1458 1345 1498 pinnella
1370 1457 1522 1500 simplici
1550 1457 1593 1489 ab
1621 1457 1769 1490 articulo

230 1516 349 1548 infimo
376 1515 579 1556 egrediente
608 1516 724 1546 erecta
752 1515 951 1557 instructae,
978 1518 1168 1557 sequentes
1195 1515 1321 1548 mediae
1346 1515 1501 1557 pinnella
1541 1516 1675 1548 axillari
1714 1516 1771 1548 in-

230 1576 386 1617 structae,
426 1573 506 1606 dein
544 1573 588 1605 ad
624 1573 779 1606 medium
804 1573 920 1616 nudfe,
947 1582 964 1605 a
992 1574 1107 1606 medio
1134 1575 1298 1616 utrinque
1323 1574 1546 1616 pinnellatae3
1582 1574 1769 1616 aliquando

229 1632 395 1674 pinnellae
420 1632 510 1664 2—3
539 1631 675 1664 axillari
715 1631 926 1675 conformes,
960 1632 1003 1664 ab
1037 1632 1195 1664 articulis
1221 1633 1382 1674 proxime
1408 1631 1640 1674 sequentibus
1666 1640 1770 1672 egre-

229 1691 387 1732 (liuntur,
414 1689 601 1732 aliquando
628 1690 781 1731 spatium
808 1692 899 1722 inter
925 1690 1105 1723 axillarem
1132 1693 1167 1722 et
1193 1691 1395 1731 superiores
1422 1691 1575 1723 alternas
1601 1690 1769 1722 secundis

228 1748 439 1791 quibusdam
477 1750 631 1781 ornatur.
692 1748 957 1791 Sphaerosporae
996 1750 1030 1781 in
1064 1749 1218 1790 pinnella
1245 1749 1379 1781 axillari
1409 1750 1591 1790 praecipue
1620 1748 1769 1781 obveni-

227 1809 338 1850 entes,
365 1808 400 1839 in
426 1805 656 1848 sequentibus
692 1808 854 1849 rariores,
890 1808 923 1839 in
951 1806 1116 1839 deorsum
1143 1806 1389 1847 spectantibus
1415 1808 1453 1838 ut
1479 1808 1617 1840 videtur
1642 1808 1768 1840 admo-

228 1864 311 1897 dum
349 1872 453 1905 rarae,
490 1865 658 1896 interiore
696 1866 852 1905 margine
891 1865 1011 1906 plures
1051 1864 1266 1907 secundatae,
1305 1864 1550 1908 sphaeroideae,
1594 1867 1767 1906 triangule

228 1922 362 1955 divisae.
411 1922 557 1955 Articuli
583 1924 617 1955 in
643 1922 786 1955 rachide
812 1923 979 1964 primaria
1016 1922 1188 1955 diametro
1226 1922 1539 1966 sesquilongiores,
1578 1923 1614 1957 in
1650 1925 1767 1965 pinnis

228 1980 308 2022 3plo
335 1981 524 2020 longiores.

320 2038 464 2080 Species
503 2038 750 2082 pulcherrima,
790 2039 1069 2081 distinctissima,
1105 2040 1221 2081 pinnis
1247 2039 1468 2072 secundariis
1495 2039 1538 2072 ad
1564 2039 1665 2072 basin
1691 2041 1766 2081 spi-

227 2095 308 2128 nula
347 2096 571 2129 subsolitaria
609 2098 750 2129 arcuata
791 2084 984 2140 instructis,
1024 2099 1194 2130 creterum
1233 2097 1337 2129 nudis
1375 2098 1429 2129 vel
1467 2107 1572 2139 supra
1611 2098 1766 2130 medium

227 2153 428 2197 pinnulatis,
468 2155 727 2194 cognoscenda.
789 2154 840 2187 Ab
879 2155 1058 2195 Algologis
1094 2155 1229 2194 Angliae
1268 2154 1380 2186 forma
1412 2155 1670 2196 C.Tl1uyoides
1698 2155 1764 2188 sub

227 2213 367 2244 nomine
405 2212 440 2245 C.
478 2213 659 2254 tripinnati
695 2213 778 2245 olim
815 2213 992 2246 venditata
1032 2211 1112 2245 suit.
1162 2211 1284 2255 Hodie,
1312 2212 1516 2246 charactere
1543 2213 1764 2254 diagnostico

227 2271 378 2314 invento,
405 2270 509 2303 nullis
536 2270 651 2303 dubiis
677 2274 813 2304 vexata.

351 2440 438 2474 Hab.
466 2441 509 2474 ad
534 2439 669 2473 Insulas
696 2440 825 2474 Scotiae
853 2440 1054 2483 [Greville).

354 2499 613 2542 llamosissima,
639 2500 921 2543 2-—3pollicaris,
949 2500 1150 2541 caespitosa.
1198 2498 1270 2532 Fila
1295 2499 1462 2541 primaria
1502 2499 1601 2532 valde
1639 2500 1760 2544 divisa,

224 2559 329 2590 ramis·
354 2558 513 2601 plurimis
540 2558 760 2590 secundariis
787 2558 920 2591 alterne
947 2559 1079 2600 obsita,
1112 2559 1200 2590 rami
1228 2559 1557 2600 circumscriptione
1585 2559 1761 2591 rotundati

224 2619 284 2648 aut
309 2617 412 2658 ovati,
450 2616 582 2648 alterne
608 2616 810 2659 plumulati3
841 2616 1008 2659 plumulae
1042 2616 1168 2648 breves
1195 2616 1473 2658 angustissimae3
1499 2616 1653 2657 pinnulae
1680 2617 1761 2649 infi-

224 2683 291 2706 ma:¹¹
328 2674 499 2708 distantes
539 2675 784 2718 spinisormes,
825 2677 1030 2718 superiores
1070 2674 1241 2714 elongatae
1269 2675 1304 2705 et
1341 2674 1609 2714 approximatae.
1657 2674 1761 2706 Color

224 2730 362 2762 intense
389 2731 531 2764 rubens.
593 2733 738 2765 Articuli
765 2733 893 2766 caulini
922 2733 1091 2765 diametro
1120 2730 1315 2773 quadruplo
1341 2730 1529 2774 longiores,
1556 2732 1655 2763 venis
1680 2731 1760 2764 lon-

223 2786 474 2827 gitudinalibus
500 2792 658 2829 angust-is
685 2791 794 2823 dense
820 2791 995 2824 instructi.
1044 2788 1205 2830 Capsulae
1233 2788 1267 2819 in
1294 2788 1397 2820 axilla
1423 2789 1608 2829 pinnarum
1634 2788 1688 2820 vel
1716 2787 1759 2820 ad

223 2845 408 2877 articulum
435 2845 602 2880 infimum.
1245 2845 1366 2878 Descr.
1392 2846 1493 2878 Auct.
1520 2847 1757 2886 transscripsi.
