1907 3004
77 54 350 100 Gloioderma.
718 54 965 97 GlGAlt'l'lNEAE.
1510 55 1537 96 2
1546 56 1603 97 43

861 138 876 146 s

74 191 154 222 tata.
206 187 478 220 Prolifioatioues
506 185 647 218 minutae
684 185 1023 229 euncalo-ligulatoe,
1050 187 1083 218 in
1110 185 1208 218 diseo
1236 187 1271 218 et
1296 187 1452 227 margine
1479 194 1605 218 nume-

74 258 175 281 rosae.
226 245 426 279 Substantia
454 246 489 276 et
514 244 610 276 color
636 244 672 276 R.
700 244 950 277 verruculosze.

166 303 310 345 Species
338 303 419 335 mibi
446 303 583 335 videtur
617 303 896 345 (listins-tissinia,
924 303 1039 344 quoad
1065 312 1175 343 genus
1203 303 1319 336 soi-stin
1347 304 1461 337 adbuc
1488 304 1604 347 dubia,

73 362 185 394 fructu
213 363 343 402 ignoto.
391 361 576 394 Structura
606 362 738 393 frondis
765 371 781 393 a
810 359 1024 401 Clnrtangiis
1052 362 1183 403 ‹lill'ert3
1211 364 1245 393 et
1271 371 1349 394 rum
1367 362 1460 394 nullo
1477 370 1604 402 genere

72 419 187 450 forsan
215 420 338 451 melius
377 428 480 461 quam
521 428 599 452 cum
641 419 808 452 Bissoella
848 421 1024 453 convenit.
1081 420 1116 452 ln
1144 420 1208 453 boo
1236 430 1364 461 genere
1393 421 1514 454 fronite
1542 421 1606 454 de-

71 477 493 519 composito-dichotoma
520 488 587 511 non
615 487 708 519 {egre
735 478 968 519 dignoscitur.

473 660 670 715 TRIBUS
708 660 782 743 Ιῌ.
840 657 1196 712 GIGARTINEAE.

70 808 187 843 Frons
226 806 294 842 litis
334 804 511 842 tenuibus
549 802 722 851 plurimis
761 802 987 840 reticulatim
1018 802 1389 841 anastomosantibus
1420 808 1604 845 contexta.

181 871 372 909 Favellidii
415 870 580 908 nucleoli
620 870 664 907 ad
698 869 911 918 placentam
944 869 1173 907 reticulatim
1203 869 1434 909 ambientem
1467 873 1606 923 adnati,

178 939 356 977 distincti.
429 939 706 986 Spboerosporaz
751 949 770 974 a
816 937 961 974 cellulis
999 936 1371 974 infra-corticalilms
1415 940 1605 977 transfor-

178 1008 299 1057 matae,
341 1005 378 1043 in
421 1016 529 1043 soros
572 1004 696 1042 frondi
738 1004 939 1042 immersos
980 1005 1152 1053 plurimae
1196 1005 1378 1057 collectae,
1409 1007 1605 1046 cruciatim

178 1073 315 1111 divisae.

66 1239 394 1296 XXXVIII.
435 1239 788 1293 GLoloDERMA
832 1256 864 1295 J.
897 1257 967 1305 Ay.
999 1267 1116 1295 mser.

68 1341 185 1374 Frons
217 1349 338 1388 rosea,
370 1337 590 1386 gelatinosa,
622 1336 997 1385 compresso—plana,
1038 1335 1163 1373 stratis
1196 1336 1274 1374 sere
1306 1337 1424 1376 tribus
1456 1340 1603 1379 consti-

178 1408 273 1453 tuta;
320 1404 476 1442 centrali
522 1403 668 1441 cellulis
715 1401 1124 1451 rotundato-oblongis
1180 1404 1260 1440 laxe
1312 1405 1602 1459 adproximatis,

176 1472 406 1510 intermedio
441 1472 510 1508 lilis
543 1472 579 1508 in
612 1471 813 1508 reticulum
844 1469 1077 1507 laxissimum
1115 1473 1498 1525 anastomosantibus,
1531 1487 1602 1512 ex-

177 1539 320 1576 teriore
362 1539 431 1576 litis
470 1538 711 1576 verticalibus
752 1537 1076 1575 monililormibus
1107 1549 1221 1575 muco
1255 1539 1396 1577 laxiore
1427 1543 1602 1581 cohibitis

180 1609 391 1646 constante.
455 1605 681 1644 Favelle‘de'a
713 1635 719 1642 .
753 1636 759 1642 .
793 1636 800 1643 .
834 1604 1131 1652 Spkaerosporoe
1161 1606 1261 1643 inter
1279 1606 1337 1643 fila
1354 1608 1457 1644 strati
1477 1609 1602 1646 inter-

176 1673 307 1723 medii,
338 1685 356 1710 a
390 1672 504 1709 ramis
535 1672 725 1720 (filorum)
758 1671 929 1709 obovatis
959 1672 1178 1710 lateralibus
1209 1673 1498 1726 transformatae,
1529 1676 1603 1714 de-

178 1751 282 1777 mum
313 1742 535 1790 aggregatae,
568 1737 792 1789 rotundatae,
825 1738 1009 1786 triangule
1041 1738 1098 1787 [?]
1129 1739 1266 1778 divisae.

175 1817 345 1856 Frondes
387 1817 526 1854 eximie
564 1816 794 1867 gelatinosae,
833 1816 1210 1867 roseo—subcarne'ae,
1241 1817 1352 1856 initio
1385 1823 1422 1856 et
1451 1820 1602 1859 inferne

65 1886 105 1920 ut
136 1883 283 1922 videtur
313 1883 573 1934 cylindraceae,
604 1894 770 1932 superne
801 1883 962 1921 dilatatae
994 1895 1223 1933 compressae
1255 1887 1293 1922 et
1324 1887 1452 1934 plures
1482 1888 1602 1926 lineas

65 1954 158 2004 latre,
203 1951 543 2002 prolificutionibus
580 1963 600 1989 a
638 1952 744 1989 disco
783 1954 821 1988 et
861 1951 1034 1999 margine
1076 1951 1391 2000 provenientibus
1429 1954 1602 2003 pluribus

65 2031 233 2058 ramosae.
307 2020 606 2059 Prolificationes
650 2020 799 2057 interne
847 2019 1095 2067 cylindraceae
1139 2020 1394 2071 angustiores,
1435 2033 1602 2071 superne

64 2086 419 2126 soliaceo-dilatatae
458 2099 549 2137 vage
581 2087 741 2125 dentatae
772 2090 835 2124 aut
864 2087 1071 2138 multifidae,
1100 2088 1305 2136 segmentis
1335 2086 1477 2125 ambitu
1507 2088 1602 2126 sub-

64 2152 239 2192 delinitis.

175 2224 293 2259 Frons
327 2222 506 2269 juvenilis
544 2221 706 2259 interior
743 2222 813 2259 tilis
852 2222 1050 2260 laxissimis
1094 2222 1355 2272 cylindraceis,
1398 2222 1601 2260 articulatis

66 2290 102 2323 et
132 2288 515 2338 anastomosantibus,
554 2288 599 2325 ad
636 2292 897 2326 anastomoses
927 2289 1170 2337 multangulis
1203 2292 1240 2326 et
1270 2288 1328 2325 bic
1360 2289 1435 2326 illic
1467 2289 1504 2325 in
1537 2289 1600 2326 in-

64 2354 207 2391 teriore
252 2358 356 2403 parte
402 2354 756 2404 intumescentibus,
801 2357 975 2393 contexta
1019 2355 1187 2403 adparet.
1254 2357 1302 2392 lix
1335 2355 1599 2392 intumescen-

63 2421 162 2459 tibus
206 2421 373 2459 articulis
418 2421 563 2458 cellulae
611 2421 820 2459 rotundatae
867 2425 905 2458 et
948 2421 1134 2471 oblonga»,
1179 2421 1407 2459 diametrum
1449 2423 1600 2459 litorum

63 2489 237 2538 multiplo
270 2492 510 2539 superantes,
541 2489 774 2538 formantur,
802 2488 838 2525 in
871 2489 1056 2526 interiore
1089 2492 1127 2525 et
1157 2489 1282 2526 media
1317 2487 1462 2526 frondis
1494 2491 1600 2537 Parte

66 2556 207 2592 cellulre
238 2555 316 2593 istac
346 2556 487 2594 sensim
519 2567 682 2594 numero
716 2560 752 2593 ct
781 2556 1044 2604 magnitudine
1075 2559 1275 2606 augentur,
1300 2559 1412 2604 atque
1432 2556 1466 2593 in
1486 2557 1599 2594 ramis

65 2622 314 2660 adultioribus
342 2626 498 2660 stratum
531 2624 697 2660 centrale
736 2622 917 2660 efficiunt.
990 2622 1155 2660 Interior
1190 2623 1319 2671 itaque
1351 2622 1496 2660 frondis
1526 2622 1599 2659 ad-

65 2688 148 2726 ultae
180 2689 372 2741 cellulosa,
415 2691 560 2728 cellulis
598 2690 734 2728 mediis
764 2690 975 2737 majoribus
1007 2691 1204 2741 elongatis,
1236 2690 1490 2729 exterioribus
1521 2692 1599 2729 mi-

65 2756 220 2794 noribus
257 2761 295 2794 et
329 2759 447 2807 magis
493 2759 715 2797 rotundatis.
786 2761 949 2797 Stratum
994 2758 1266 2796 intermedium
1306 2757 1376 2795 filis
1414 2757 1599 2805 elongatis

67 2822 308 2870 cylindraceis
339 2826 710 2865 anastomosantibus
742 2829 778 2864 et
809 2826 847 2863 in
878 2826 1080 2864 reticulum
1120 2825 1352 2865 laxissimum
1384 2825 1598 2872 conjunctis

1409 2889 1470 2923 46*
