1907 3004
75 67 356 127 Isallymenia.
722 66 969 109 GlGARTINEAE.
1514 65 1539 106 2
1549 67 1608 107 87

74 200 274 242 undulatos,
307 198 410 241 plicis
437 197 470 229 in
497 197 676 230 exsiccata
710 197 1004 238 superimpositis.
1057 194 1159 227 Color
1185 195 1387 229 coccineus.
1436 195 1610 229 Substan-

74 260 121 291 tia
147 258 352 299 gelatinosa.
402 254 538 288 Kalidia
564 263 688 295 magna
716 257 750 288 et
775 256 978 297 conspicua,
1005 262 1068 296 per
1095 255 1203 287 totam
1242 253 1400 287 frondem
1439 254 1609 296 disposita

74 317 110 348 at
135 315 323 348 admodum
348 321 483 355 sparsa.

166 372 241 405 Non
268 373 343 404 sine
369 370 590 404 haesitatione
616 371 705 404 hanc
732 370 878 404 sormam
906 370 943 403 11.
972 369 1148 403 renisormi
1177 369 1364 411 subjungo.
1397 369 1610 412 Specillum,

74 440 152 472 quse
189 431 341 472 primum
376 429 457 472 vidi,
485 438 502 462 a
530 430 735 463 Scliousboe
774 430 875 471 lecta,
916 431 1017 462 antea
1053 429 1095 461 ad
1121 428 1160 461 K.
1187 428 1369 470 Requienii
1397 429 1510 471 retuli,
1537 428 1609 472 sed,

74 488 278 521 melioribus
316 489 410 532 visis,
448 496 514 520 nec
553 488 596 521 ad
638 488 726 520 lianc
764 489 953 530 pertinere,
992 496 1058 519 nec
1094 495 1172 519 cum
1199 487 1277 518 aliis
1303 486 1494 527 speciebus
1520 485 1611 518 liene

74 548 261 580 convenire
287 546 401 580 video.
462 547 488 579 A
515 546 553 578 K.
581 545 837 589 Soliizophylla,
864 545 964 586 cnjus
991 545 1096 577 habet
1123 545 1355 577 substantiam
1384 547 1418 577 et
1444 545 1610 588 colorem,

74 603 185 637 forma
222 605 375 645 generali
414 604 560 647 frondis,
586 605 745 644 margine
784 605 920 643 integro
960 605 995 635 et
1033 602 1200 634 undulato
1240 601 1471 642 dignoscitur.
1520 604 1544 634 A
1571 602 1610 634 K.

72 662 276 705 Harveyana
308 662 504 696 substantia
533 664 644 703 magis
671 663 866 702 gelatinosa
891 663 925 693 et
951 660 1091 693 defectu
1118 661 1260 701 stipitis.
1309 661 1437 705 Puppe,
1464 663 1522 704 qui
1549 662 1611 694 lias

72 721 212 762 plantas
249 719 346 754 vivas
385 721 473 753 vidit
509 723 543 753 et
581 721 639 762 qui
678 722 862 761 utramque
889 718 971 750 milii
999 717 1104 761 misit,
1131 717 1289 751 diversas
1317 719 1540 752 existimasse
1568 728 1612 752 ex

72 779 227 811 numeris
254 779 415 822 diversis,
443 778 570 820 quibus
598 778 674 810 illas
702 777 912 819 designavit,
939 778 1049 818 patet.

71 881 148 911 VAR.
182 875 345 910 FssnssAini
380 871 586 917 (Lamour.
617 873 755 918 mser.)
792 870 929 908 fronde
961 868 1128 907 tenuiori
1160 870 1334 917 elongata
1366 869 1547 908 deorsum
1575 870 1611 908 in

182 940 350 988 stipitem
393 938 675 977 evidentiorem
719 940 931 988 attenuata,
976 937 1148 986 margine
1194 937 1444 975 sublaciniato
1491 941 1528 974 et
1574 937 1610 974 in

182 1007 314 1046 foliola
347 1007 506 1045 obovata
539 1006 786 1044 circumcirca
817 1008 1058 1045 excurrente.

163 1074 363 1108 Delesseria
388 1073 536 1106 Ferrarii
562 1071 757 1106 Lamour.!

163 1134 278 1167 Fueus
304 1132 502 1165 renisormis
529 1140 601 1164 var.
630 1133 767 1164 tenuior
797 1129 900 1164 Turn.
931 1129 1016 1164 [list.
1044 1130 1112 1164 [ab.
1141 1131 1204 1163 ll3
1228 1128 1285 1175 fiq.
1311 1131 1352 1174 q!

164 1192 288 1225 Iridaea
315 1192 463 1224 Hilliana
492 1189 596 1224 Grec).
622 1191 692 1234 Aly.
721 1188 809 1224 Brit.
833 1200 870 1233 p.
900 1191 957 1222 lot
991 1190 1042 1232 (in
1071 1190 1182 1232 not.)l

165 1250 289 1284 lridaea
316 1251 426 1283 divisa
453 1249 556 1283 Ktilz.
585 1248 689 1292 Pleyc.
713 1259 748 1292 p.
776 1248 866 1281 396?

165 1309 378 1351 Euliymenia
405 1308 518 1341 divisa
543 1306 645 1340 Ii'zilz.
672 1317 722 1350 sp.
747 1317 782 1350 p.
811 1306 902 1339 743?

184 1368 273 1405 [lab.
311 1368 349 1406 in
388 1379 534 1406 oceano
575 1369 753 1406 atlantico
792 1367 837 1405 ad
877 1379 961 1406 oras
1002 1368 1127 1406 Galliae
1174 1366 1495 1417 (Bonnemaisont
1534 1368 1612 1404 De-

69 1437 282 1486 lapylaiel).

163 1501 273 1534 Frons
295 1501 461 1543 Juvenilis
490 1501 825 1544 oboram-cuneata,
853 1501 972 1543 stipite
1000 1501 1162 1542 elongato
1192 1501 1313 1541 gracili
1340 1500 1457 1543 plano,
1480 1499 1611 1532 adiseo

71 1560 216 1594 radicali
255 1568 415 1602 surgens,
454 1559 570 1592 adulta
610 1560 720 1599 magis
761 1559 911 1600 oblonga
939 1561 973 1591 et
999 1559 1042 1591 ob
1081 1559 1229 1591 lacinias
1254 1559 1435 1602 plurimas,
1464 1559 1499 1590 in
1526 1566 1612 1599 quas

70 1619 224 1662 finditur,
252 1618 384 1652 ambitu
410 1618 610 1660 inaequalis.
658 1617 809 1650 Laciniae
837 1625 928 1650 nunc
955 1618 1187 1650 circumcirca
1214 1616 1362 1649 sinubus
1389 1625 1512 1658 parum
1527 1623 1613 1656 pro-

71 1676 188 1710 fundis
228 1679 412 1720 separatae,
452 1677 538 1717 ipsae
565 1676 771 1718 plerumque
799 1676 868 1708 late
894 1676 1057 1718 lineares,
1085 1684 1103 1707 a
1128 1676 1237 1708 latere
1266 1676 1301 1707 et
1327 1684 1370 1708 ex
1397 1675 1497 1716 apice
1525 1672 1614 1706 sub-

74 1737 237 1769 truncato
263 1737 298 1768 in
324 1735 601 1778 prolificationes
627 1735 746 1776 plures
773 1737 950 1777 extensae3
976 1743 1069 1766 nunc
1085 1734 1207 1767 fronde
1222 1732 1432 1776 profundius
1447 1731 1612 1764 laciniata

73 1795 108 1826 et
136 1802 246 1835 usqne
285 1793 328 1826 ad
367 1794 524 1835 stipitem
560 1795 595 1826 et
619 1801 681 1835 per
707 1793 866 1835 stipitem
891 1793 986 1836 fissa,
1013 1793 1150 1825 laciniae
1176 1792 1315 1825 basales
1342 1792 1502 1824 cuneatae
1530 1798 1614 1822 eva—

72 1852 169 1895 dunt,
195 1852 300 1885 simili
327 1852 431 1885 modo
460 1861 478 1884 a
505 1853 662 1892 margine
687 1851 877 1894 prolil'erae.
927 1850 1045 1893 Phylla
1070 1851 1303 1892 prolilicantia
1330 1850 1458 1883 isthmo
1485 1850 1613 1881 lineam

72 1912 132 1942 aut
157 1911 176 1942 2
204 1909 314 1943 lineas
342 1911 412 1943 lato
442 1919 522 1943 cum
547 1903 685 1944 laciniis
712 1911 845 1943 lrondis
886 1910 1113 1951 cohaerentia,
1138 1909 1280 1951 juniora
1306 1909 1468 1950 obovata,
1497 1908 1614 1940 adulta

72 1970 239 2002 undulata
266 1972 301 2003 et
326 1971 402 2012 ipsa
441 1971 615 2013 laciniam,
646 1970 884 2012 4—-3pollices
912 1969 1026 2012 longa,
1066 1969 1153 2001 4—-2
1181 1968 1327 2010 pollices
1355 1975 1507 2010 superne
1533 1967 1614 2008 lata,

72 2026 209 2059 inferne
248 2030 437 2072 attenuata,
475 2028 552 2062 basi
592 2037 697 2070 snpra
732 2028 899 2061 isthmum
939 2029 1051 2060 ovata.
1114 2026 1248 2059 Kalidia
1288 2035 1392 2068 quam
1432 2026 1465 2058 in
1494 2025 1614 2066 specie

71 2088 238 2128 primaria
276 2089 412 2121 minora
449 2087 533 2120 mihi
571 2087 744 2130 videntur,
783 2087 819 2119 in
856 2085 1174 2127 prolificationibus
1208 2087 1286 2118 sita.
1337 2084 1439 2116 Color
1467 2086 1502 2116 et
1527 2082 1615 2115 sub-

73 2146 200 2178 ¹stantia
228 2147 362 2188 speciei
390 2147 587 2189 primariae3
612 2148 647 2179 in
673 2147 773 2187 parte
799 2145 909 2178 basoli
937 2145 1069 2177 firmior
1094 2146 1129 2177 et
1155 2145 1266 2185 magis
1292 2152 1482 2185 purpurea.

167 2203 322 2237 Varietas
349 2204 425 2237 liaec
452 2205 546 2237 statu
573 2204 735 2246 simplici,
762 2201 1081 2244 prolificationibus
1112 2202 1282 2235 destituta
1298 2203 1466 2243 etstipitc
1493 2201 1613 2242 gracili

73 2260 220 2301 longiori
247 2263 431 2305 instructa,
453 2261 526 2303 jam
552 2271 571 2294 a
596 2261 750 2293 Turnero
779 2262 918 2301 cognita
944 2260 1027 2302 suit-3
1054 2260 1165 2292 forma
1190 2259 1354 2301 prolisera
1383 2269 1400 2291 a
1429 2259 1576 2291 Grcxille
1593 2259 1613 2290 l.

74 2327 104 2351 c,
132 2320 179 2351 ita
204 2319 385 2361 descripta
419 2321 457 2352 ut
491 2319 533 2351 de
567 2318 750 2352 identitate
779 2318 940 2350 dubitare
967 2327 1202 2359 nequeamus3
1230 2317 1272 2349 ab
1299 2319 1447 2359 utroque
1474 2317 1614 2357 species

76 2376 193 2409 forsan
234 2377 376 2418 propria
413 2376 544 2409 habita.
605 2376 758 2409 Eandem
786 2377 927 2409 nomine
953 2375 1162 2408 Delesserioe
1189 2375 1336 2408 Ferrarii
1365 2374 1407 2407 al)
1433 2373 1611 2414 Algologis

74 2558 128 2592 20.
154 2558 374 2592 Hammssxm
401 2565 551 2591 Amemus
582 2554 698 2601 (Bory
724 2566 779 2601 op.
806 2554 879 2591 Bel.
913 2555 992 2600 i'oy.
1014 2565 1049 2600 p.
1078 2556 1160 2598 269)
1199 2555 1298 2588 caule
1327 2555 1451 2598 diviso,
1480 2553 1614 2587 frondi-

168 2617 234 2650 lius
271 2619 383 2650 ovatis
416 2615 551 2649 inferne
584 2616 957 2657 attenuato-stipitatis
985 2615 1183 2647 tenerrimis
1209 2613 1473 2654 elegantissime
1502 2614 1612 2646 roseis

169 2675 334 2716 repandis
359 2673 464 2708 Ii'z'llz.
491 2684 541 2717 sp.
563 2684 599 2717 p.
627 2674 703 2707 717.

168 2731 255 2765 Hal).
283 2732 327 2765 ad
352 2732 436 2774 Cap.
463 2731 637 2765 Comorin.

167 2790 252 2821 Cum
278 2788 317 2822 K.
343 2789 521 2822 renisormi
561 2790 617 2829 sig.
646 2790 678 2833 B,
708 2789 778 2822 tab.
807 2787 870 2821 4213
903 2789 1020 2831 operis
1046 2785 1249 2822 'furneriani
1279 2787 1368 2823 lianc
1395 2789 1615 2830 comparavit

77 2847 198 2880 auctor
224 2849 258 2880 et
284 2849 467 2891 utramque
493 2850 598 2882 immo
628 2848 815 2882 identicam
843 2847 915 2880 sere
941 2849 1144 2889 suspicatus
1171 2849 1237 2882 est.
