1907 3004
233 90 258 127 2
267 90 293 127 6
892 78 1101 118 (laimunffi.
1437 72 1768 117 Callaelmmm'on.

232 225 295 258 per
330 216 439 247 totam
475 207 731 250 longitudinem
769 207 931 249 pinnata,
967 207 1084 248 pinnis
1123 204 1346 237 inferioribus
1398 203 1502 245 paulo
1539 202 1771 244 brevioribus,

232 270 474 314 superioribus
512 268 700 310 aliquando
739 266 958 307 prolongatis
998 268 1033 297 et
1063 264 1248 307 plumosis.
1297 262 1417 294 Pinnae
1445 264 1619 302 oppositae
1645 261 1771 300 angulo

233 330 385 364 [ιδ-600
424 327 666 368 egredientes,
706 326 857 358 invicem
895 324 1085 366 distantes,
1123 324 1207 355 licet
1243 321 1331 354 infra
1370 320 1570 362 geniculum
1609 318 1772 359 quodque

234 388 468 429 egredientes.
527 385 673 417 Articuli
712 385 747 415 in
785 382 927 415 rachide
965 382 1135 414 diametro
1165 382 1221 413 vix
1249 380 1354 421 duplo
1380 380 1569 419 longiores,
1596 378 1631 408 in
1656 377 1772 418 pinnis

234 447 339 488 duplo
365 445 553 486 longiores.
603 442 875 484 Sphaerosporas
902 442 936 473 in
962 441 1079 482 pinnis
1105 438 1349 480 superioribus
1376 437 1535 470 evolutas
1551 437 1596 477 et,
1612 435 1646 466 ni
1663 433 1773 477 fallor,

234 504 407 544 triangule
433 503 563 535 divisas
589 501 672 533 vidi.

326 561 362 594 C.
398 561 528 603 plumae
566 559 727 601 proxima
753 558 787 589 at
813 558 909 589 certe
937 556 1075 588 diversa
1101 554 1253 596 species.
1317 553 1443 585 Rachis
1471 554 1506 585 et
1531 551 1650 593 pinnae
1677 550 1711 581 in
1737 549 1775 581 G.

235 620 353 661 pluma
393 617 552 660 ejusdem
589 616 662 648 sere
695 616 888 657 crassitiei3
914 616 949 647 in
976 613 1012 646 C.
1041 614 1192 654 eleganti
1220 611 1335 644 rachis
1362 611 1467 652 duplo
1495 611 1648 643 crassior
1673 617 1777 651 quam

235 679 375 720 pinnae3
401 677 482 709 hinc
508 677 626 718 pinnae-
653 674 828 707 distantes
855 674 889 706 in
916 672 951 705 C.
982 672 1146 715 eleganti,
1173 670 1428 712 adproximatae
1455 669 1490 700 in
1515 666 1552 699 C.
1577 667 1707 709 pluma.

369 834 423 884 ††
452 833 672 884 Repentes,
706 835 803 873 totae
834 830 1122 872 decumbentes
1152 827 1407 877 radicantes,
1439 825 1641 867 disticlzoe.

245 936 302 975 49.
334 939 370 975 C.
402 945 578 975 AUSTRALE
610 933 673 986 [J.
712 936 778 983 Ay.
820 933 943 983 Symb.
986 932 1015 971 Ι.
1055 943 1092 980 p.
1135 930 1203 975 42)
1242 941 1380 979 repens
1420 929 1592 966 radicans
1623 927 1781 965 disticho

351 1004 520 1053 pinnata,
543 1003 821 1052 decomposita,
852 1000 979 1050 pinnis
1012 999 1197 1048 oppositis
1228 998 1406 1045 utrinque
1440 994 1658 1045 pinnulalis,
1690 994 1781 1042 pin-

353 1071 466 1121 nulis,
498 1070 763 1119 obtusissimis,
795 1068 941 1106 articuli
979 1067 1151 1114 ejusdem
1193 1076 1290 1113 saepe
1323 1064 1453 1113 ternis,
1484 1062 1630 1099 duabus
1661 1062 1781 1098 colla-

354 1138 549 1186 teralibus,
579 1138 692 1175 tertio
740 1137 932 1185 opposito,
977 1135 1145 1172 articulis
1185 1132 1361 1180 oblongis
1392 1131 1577 1167 diametro
1609 1127 1783 1176 2—41sso

356 1205 606 1255 longioribus,
637 1204 822 1252 geniculis
853 1202 1069 1241 contractis.

339 1272 475 1306 Callith.
501 1272 654 1304 australe
679 1269 711 1303 J.
740 1270 798 1314 Ay.
826 1270 846 1303 l.
875 1279 903 1303 c.
931 1268 1033 1302 Isncz.
1060 1277 1110 1310 sp.
1134 1276 1170 1309 p.
1197 1265 1276 1298 649.

355 1344 445 1385 Ilab,
475 1342 673 1392 parasitica
706 1341 742 1379 in
775 1340 857 1378 aliis
886 1339 985 1387 Algis
1016 1338 1061 1376 ad
1093 1349 1181 1376 oras
1211 1339 1322 1375 Novae
1354 1332 1572 1372 Hollandiae.

340 1421 449 1453 Frons
484 1418 753 1461 semipollicaris
786 1424 918 1459 crassa,
955 1416 1026 1448 tota
1054 1414 1088 1446 ni
1116 1413 1217 1445 fallor
1243 1410 1462 1444 decumbens
1488 1411 1523 1442 et
1548 1408 1715 1441 radiculis
1742 1408 1785 1440 ab

247 1479 412 1514 inferiore
450 1480 549 1520 parte
583 1477 719 1510 articuli
747 1476 895 1516 geminis
929 1473 1154 1516 quaternisve
1181 1471 1355 1512 oppositis
1382 1470 1484 1510 apice
1511 1467 1701 1501 discoideis
1731 1477 1788 1500 ra-

249 1538 384 1580 dicans,
423 1537 610 1578 pinnisque
638 1544 656 1567 a
682 1535 866 1576 superiore
908 1532 1045 1565 articuli
1085 1532 1185 1572 parte
1228 1527 1491 1569 egredientibus
1530 1525 1681 1559 distiche
1707 1526 1789 1566 pin-

249 1597 341 1628 nata.
411 1594 529 1627 Pinnae
574 1592 907 1626 subhorizontaliter
946 1591 1128 1632 patentes,
1170 1587 1303 1621 ambitu
1342 1586 1572 1619 sublineares.
1633 1583 1789 1616 Pinnulae

248 1653 469 1685 brevissimae
497 1651 654 1685 articulis
681 1649 769 1683 3--4
796 1651 1013 1691 constantes,
1042 1647 1129 1680 infra
1158 1645 1359 1687 geniculum
1375 1643 1538 1686 quodque
1554 1642 1787 1683 egredientes,

249 1712 429 1752 praecipue
466 1719 607 1743 sursum
644 1709 858 1751 pinnellatae.
922 1706 1098 1739 Articulus
1123 1705 1278 1747 pinnulae
1305 1703 1444 1735 infimus
1470 1701 1643 1742 pinnellas
1669 1702 1789 1732 ternas

249 1769 524 1803 subconstanter
559 1769 659 1811 gerit,
698 1775 846 1809 quarum
888 1766 966 1798 duae
1004 1765 1184 1807 (sursum)
1213 1760 1432 1794 collaterales
1471 1760 1563 1800 sunt,
1590 1766 1659 1790 una
1685 1764 1791 1798 supra

252 1827 396 1859 alteram
434 1827 625 1869 disposita,
661 1825 803 1867 pinnula
841 1832 925 1856 vero
966 1823 1099 1855 sensim
1135 1822 1169 1853 in
1207 1820 1350 1861 pinnam
1383 1817 1625 1858 excrescente,
1654 1814 1791 1847 articuli

252 1888 444 1927 sequentes
483 1885 608 1917 eodem
646 1883 749 1916 modo
777 1882 942 1924 pinnellis
968 1881 1044 1912 3nis
1071 1879 1303 1920 instruuntur,
1330 1884 1438 1918 quare
1465 1874 1561 1907 frons
1588 1882 1656 1905 uno
1682 1872 1792 1904 latere

254 1945 403 1986 (saepius
441 1944 574 1984 saltim)
612 1943 739 1984 pinnas
781 1941 951 1982 geminas,
990 1939 1100 1971 altero
1139 1936 1324 1977 singulam,
1363 1934 1579 1975 geminarum
1618 1932 1792 1973 superiori

254 2004 465 2045 oppositam,
505 2001 604 2042 gerit.
665 1999 810 2032 Articuli
848 1999 882 2030 in
920 1998 977 2029 filo
1017 1996 1180 2028 adultiori
1219 1994 1390 2027 diametro
1425 1991 1504 2032 3plo
1542 1989 1731 2030 longiores,
1759 1988 1793 2019 in

253 2060 371 2101 pinnis
409 2060 467 2092 vix
506 2059 611 2101 duplo
644 2059 832 2099 longiores,
860 2065 981 2089 omnes
1008 2054 1052 2087 ad
1078 2053 1238 2094 genicula
1265 2050 1440 2085 contracti
1467 2051 1502 2082 et
1527 2048 1607 2080 hinc
1634 2046 1793 2086 oblongi,

255 2118 458 2150 terminales
485 2118 543 2150 vix
569 2117 739 2149 attenuati
767 2115 896 2148 obtusi.

349 2176 493 2217 Species
531 2175 687 2217 robusta,
728 2173 849 2205 habitu
876 2172 948 2204 fere
976 2170 1171 2212 Polyzoniae
1198 2168 1319 2200 incisae
1346 2166 1375 2198 si
1401 2164 1494 2198 nudo
1521 2163 1622 2196 oculo
1649 2162 1796 2204 conspi-

257 2234 381 2276 ciatur,
409 2233 512 2266 nullae
539 2233 672 2274 speciei
698 2231 780 2263 mihi
807 2231 900 2262 notae
928 2230 1023 2262 arcte
1055 2227 1191 2260 adfinis.

261 2438 337 2470 4821.
362 2437 398 2469 C.
424 2443 685 2469 Micnorrnnum
713 2431 846 2475 (Mam.
873 2431 1005 2464 Canem
1025 2439 1062 2473 p.
1103 2429 1181 2467 177)
1221 2426 1450 2466 oaespitosum
1487 2430 1627 2455 roseum
1667 2421 1797 2452 micro-

389 2495 587 2535 scopicum,
614 2493 681 2525 filis
708 2491 885 2533 primariis
912 2487 1131 2531 repentibus,
1148 2483 1367 2519 secundariis
1384 2480 1552 2514 surrectis
1566 2476 1797 2518 simplicibus,

389 2561 458 2584 non
485 2553 551 2583 nisi
579 2551 621 2584 ad
649 2552 785 2592 apicem
812 2549 980 2590 pinnatis,
1006 2545 1124 2588 pinnis
1152 2542 1314 2576 omnibus
1341 2539 1497 2580 sumatis,
1524 2535 1678 2578 capsulis
1696 2534 1798 2575 ellip-

390 2611 471 2643 ticis
497 2610 660 2651 pinnulas
689 2606 969 2640 terminantibus.
1628 2604 1632 2608 '

390 2667 659 2700 Callitbamnion
685 2665 805 2698 Pluma
831 2673 902 2696 var.
929 2663 1180 2704 micropterum
1205 2656 1315 2691 Μοηί.
1341 2655 1361 2688 l.
1388 2665 1418 2688 c.

392 2726 427 2757 C.
454 2727 705 2765 microptcrum
730 2721 831 2755 Ii'etlz.
859 2731 910 2764 sp.
934 2731 969 2764 p.
997 2719 1073 2752 6¹48.

393 2782 477 2814 11:11).
505 2782 548 2814 ad
575 2782 707 2814 insulas
734 2780 911 2812 Canarias.

397 2839 516 2873 L'trum
543 2840 695 2871 varietas
724 2847 765 2870 an
792 2838 931 2878 species
959 2835 1122 2868 distincta
1152 2833 1256 2872 esset,
1284 2829 1455 2863 dubitavit
1482 2827 1622 2859 Auctor.
