1907 3004
280 82 305 122 2
314 82 339 122 3
348 81 373 120 8
920 67 1164 111 GiGARanAE.
1538 66 1813 112 Etedoclade'a.

390 218 459 256 per
501 207 614 241 totam
653 201 931 250 longitudinem
964 201 1218 240 minutissime
1256 202 1474 254 spinulosis,
1512 204 1700 252 supremis
1732 204 1811 241 sere

389 270 561 319 cristatis,
591 269 749 318 spinulis
779 270 887 318 apice
918 270 1054 318 saepius
1085 269 1220 309 bifidis,

372 349 458 381 End.
485 347 662 378 vernicata
688 343 720 377 J.
748 344 805 388 Ay.
833 345 854 378 l.
881 355 910 379 c.
937 346 973 378 in
1000 344 1148 379 Linnoea
1177 344 1274 378 4841.

372 404 634 440 Acanthobolus
659 404 880 437 Brasiliensis
906 402 1009 436 Ji'utz.
1036 403 1140 446 Phyc.
1161 414 1198 447 p.
1226 405 1307 437 395!
1333 403 1388 448 Sp.
1416 405 1485 449 Aly.
1507 415 1544 448 p.
1571 407 1653 440 754!

389 477 478 515 llab.
511 476 548 512 in
579 485 725 512 oceano
756 475 933 511 atlantico
965 474 1009 511 ad
1042 486 1128 512 oras
1159 476 1319 513 Brasiliae
1351 478 1557 525 (Sellowl).

373 553 544 594 Caespites
572 551 853 591 4—2-unciates‚
880 549 1085 590 fragmentis
1111 551 1326 585 concharum
1350 552 1522 594 lapillisve
1548 553 1677 586 adnati.
1703 553 1814 586 Fron-

280 612 342 645 des
375 612 517 652 teretes,
551 617 702 651 superne
736 609 1033 651 subcompressae,
1060 610 1297 643 millimetrum
1324 610 1396 642 sere
1423 611 1594 644 diametro
1621 614 1816 654 aequantes„

278 679 366 710 vage
406 667 897 710 dichotomo-ramosissimae,
936 668 1043 699 ramis
1082 667 1216 701 inferne
1254 668 1503 711 sparsiorilms,
1541 677 1696 711 superne
1729 669 1817 701 den-

281 727 446 770 sioribus,
484 726 659 767 supremis
698 726 907 757 acuminatis
937 725 1000 758 sed
1025 725 1232 767 plerumque
1261 725 1346 758 infra
1375 727 1512 768 apicem
1538 726 1665 769 bifidis,
1691 728 1818 768 paten-

280 786 376 818 tibus
408 787 443 818 et
473 785 579 816 immo
604 783 872 826 patentissimum
899 783 1061 816 omnibus
1089 784 1298 826 spinulosis3
1324 784 1473 826 spinulis
1499 785 1642 816 minutis
1668 784 1726 815 vix
1752 783 1817 815 nisi

282 845 375 877 lente
403 841 677 884 conspiciendis,
703 850 855 883 superne
882 841 1123 884 subdistichis,
1152 842 1217 874 sub
1243 843 1336 874 lente
1363 842 1462 875 valde
1489 845 1638 883 augente
1665 849 1820 882 conspe-

284 903 351 934 ctis
378 902 478 943 apice
503 900 667 933 ustulatis
695 901 729 931 et
754 899 1006 932 bi-multffidis.
1058 900 1161 931 Color
1186 900 1392 933 madefactae
1423 910 1466 933 ex
1492 900 1821 942 amethystinolivi-

284 958 349 991 dus
375 961 435 991 aut
458 958 740 1001 subrubeseens3
775 960 955 992 exsiccata
991 959 1108 991 lucida
1145 960 1179 991 et
1217 961 1316 1001 quasi
1344 960 1484 992 vernice
1512 959 1676 992 obducta.
1727 957 1820 990 Sub-

284 1018 413 1051 stantia
440 1018 629 1067 exgiccatae
657 1017 729 1051 sere
757 1027 896 1051 cornea.

712 1177 908 1232 TRIBUS
949 1178 1001 1231 ΙΙ.
1044 1177 1389 1232 RISSOELLEAE.

285 1302 403 1337 Frons
440 1299 510 1336 fitis
547 1298 725 1336 tenuibus
766 1299 938 1347 plurimis
971 1300 1201 1337 reticulatim
1233 1299 1605 1338 anastomosantibns
1636 1301 1821 1336 contexta.

396 1366 585 1404 Favellidii
625 1367 790 1403 nucleoli
831 1379 848 1403 a
889 1366 1100 1415 placentula
1134 1368 1291 1404 centrali
1326 1367 1582 1416 egredientes.
1642 1367 1821 1415 Spliaero-

397 1446 519 1485 sperae
556 1435 656 1471 inter
686 1434 746 1472 fila
777 1435 924 1472 frondis
956 1434 1195 1484 peripherica
1226 1446 1379 1486 sparsae,
1410 1439 1473 1473 aut
1505 1435 1541 1472 in
1573 1431 1823 1473 Nematheciis

397 1501 563 1539 externis
595 1504 766 1540 evolutae.

285 1667 559 1724 XXXVI.
598 1669 887 1723 POLYoPEs
917 1687 950 1727 J.
981 1688 1048 1736 Ay.
1082 1689 1164 1726 Act.
1197 1687 1317 1727 Holm.
1358 1680 1513 1737 osvers.
1559 1687 1658 1727 4849
1687 1701 1725 1739 p.
1758 1689 1823 1728 85.

398 1756 561 1794 Cliondri
595 1760 632 1793 et
662 1757 796 1794 Gelidii
828 1768 881 1805 sp.
913 1757 1025 1794 Auct.

289 1828 406 1862 Frons
447 1835 797 1874 carnoso-cornea,
835 1822 1077 1860 teretinscula
1108 1825 1171 1859 aut
1201 1834 1432 1873 compressa,
1463 1823 1823 1861 dichotomo-sasti-

399 1890 508 1940 ginta,
540 1891 663 1927 stratis
694 1890 843 1927 dnobus
875 1890 1094 1926 cellularum
1128 1890 1348 1938 constituta;
1381 1890 1565 1927 interiore
1597 1890 1706 1936 (tilis)
1739 1891 1822 1928 cel-

400 1958 483 1994 lulis
514 1957 761 2004 cylindraceis
793 1956 978 2004 elongatis
1009 1956 1170 1993 ramosis
1202 1960 1239 1993 et
1269 1957 1638 2000 anastomosantihns
1670 1957 1824 1995 densis-

398 2024 493 2060 sime
525 2024 754 2073 intertextis3
788 2023 979 2060 exteriore
1011 2023 1080 2060 filis
1112 2023 1693 2061 monilisormibusverticalibus
1710 2035 1823 2062 muco

398 2090 653 2128 solidescente
697 2090 884 2140 cohibitis,
927 2093 1135 2128 constante.
1210 2089 1434 2127 Favella‘dta
1476 2091 1600 2127 frondi
1632 2092 1824 2141 immersa,

399 2159 657 2207 carpostomio
690 2159 853 2206 regulari
886 2158 1040 2195 demum
1073 2158 1244 2208 liberata,
1276 2159 1412 2196 nucleo
1431 2158 1590 2207 simplici
1610 2158 1825 2208 constituta,

399 2227 616 2274 gemmidiis
654 2226 809 2263 minutis
849 2225 1059 2263 rotundatis
1101 2226 1146 2263 ad
1179 2225 1433 2274 placentulam
1463 2225 1825 2274 sub-pyramidatim

399 2293 580 2331 collectis.
662 2293 958 2341 Splaoerosporoe
1004 2293 1040 2330 in
1086 2293 1333 2330 nematlieciis
1378 2292 1740 2340 macnlzesormibus,
1786 2294 1823 2330 in

399 2361 604 2399 alterutera
648 2362 781 2409 pagina
829 2360 975 2398 frondis
1019 2359 1352 2409 proeminentibus
1397 2360 1576 2409 evolutae,
1623 2360 1721 2397 inter
1765 2359 1823 2396 tila

399 2428 504 2465 strati
536 2429 682 2466 externi
714 2429 939 2477 prolongata
969 2427 1198 2478 nidulantes,
1239 2428 1427 2478 oblongre,
1458 2426 1653 2464 cruciatim
1685 2426 1822 2464 divisse.

400 2505 568 2544 Frondes
612 2507 865 2544 teretinsculze
910 2510 974 2543 aut
1020 2518 1065 2543 ex
1110 2506 1221 2543 tereti
1277 2517 1525 2555 compressae,
1578 2504 1824 2540 dichotome-

290 2573 495 2623 fastigiatae,
525 2574 733 2622 segmentis
765 2573 982 2624 linearibus,
1020 2573 1078 2610 hic
1109 2573 1184 2609 illic
1216 2572 1442 2623 constrictis,
1473 2583 1493 2608 e
1523 2570 1695 2608 strictura
1728 2581 1823 2619 pro-

290 2639 533 2689 lilicantibus3
562 2644 736 2679 recentes
767 2640 1006 2679 subcarnosae
1038 2644 1205 2690 tenaces,
1237 2640 1430 2677 exsiccatae
1460 2637 1695 2688 subcorneae,
1726 2649 1824 2686 pur-

291 2710 548 2753 purascentes.

403 2775 530 2812 Stratis
561 2775 710 2813 duobus
741 2777 846 2814 frons
877 2775 1129 2813 constituitur.
1190 2773 1349 2812 lnterins
1380 2772 1448 2809 fitis
1474 2771 1823 2822 longitudinalibns,

291 2851 358 2877 seu
404 2841 548 2880 cellulis
594 2844 842 2890 c3lindraceis
887 2843 1091 2894 elongatis,
1144 2841 1263 2880 dense
1309 2839 1538 2889 intertextis,
1586 2839 1742 2877 ramosis
1788 2841 1824 2876 et
