1907 3004
69 51 288 97 Bissoella.
719 49 965 93 Gman‘rixssffl.
1509 52 1534 92 2
1544 52 1598 93 41

69 186 249 224 descente
288 182 476 234 cohibitis,
514 185 678 232 constat;
719 183 864 220 cellulis
895 182 1051 220 minutis
1094 180 1318 234 rotundatis,
1350 182 1387 219 in
1420 182 1603 221 inferiore

70 256 120 292 lili
151 257 255 304 parte
287 254 548 290 anastomoses
581 250 853 287 emittentibus.

180 319 376 358 Favelliilia
418 318 513 355 intra
552 317 763 367 pericarpia
808 321 974 367 externa,
1013 329 1082 366 per
1123 321 1238 355 totam
1278 317 1453 356 frondem
1486 319 1603 356 dense

69 388 264 437 disposita,
295 388 462 434 excepta.
521 385 778 434 Pericarpium
811 385 970 423 omnino
1004 385 1605 437 emersum,sphaerico-ovatum,

70 456 176 506 apic-e
221 454 375 491 demum
421 454 637 502 pertusum,
688 455 875 489 structura
922 453 1175 500 fragmentum
1220 453 1367 490 frondis
1411 455 1604 491 annullans

70 525 242 563 l'lacenta
274 520 451 558 centralis
492 520 611 570 adest,
643 520 712 556 filis
744 519 862 557 dense
895 520 1108 557 intertextis
1140 520 1354 557 constituta.
1415 523 1515 558 luter
1546 521 1604 557 lila

70 590 225 640 sterilia,
264 601 284 626 a
324 589 496 637 placenta
535 587 580 625 ad
619 587 877 636 pericarpium
915 590 1083 634 extensa,
1122 586 1258 623 fertilia
1301 587 1358 623 lila
1391 587 1606 625 abbreviata

71 657 309 706 evolvuntur,
346 656 546 693 nucleolos
585 655 754 692 radiatim
794 653 1000 703 dispositos
1039 653 1267 691 inchoantia.
1327 654 1499 692 Nucleoli
1531 654 1606 692 ob·-

72 725 210 774 coniei,
248 724 451 772 gemmidia
485 722 889 770 rotundato-angulata
929 731 1048 770 pauca
1085 721 1270 758 foventes.
1330 722 1606 771 Spliaerosporoe

71 791 526 841 oblongo-sphaeroideae,
558 790 657 827 inter
686 790 746 826 fila
775 787 1052 826 monilisormia
1084 787 1187 825 strati
1222 787 1423 825 exterioris
1454 799 1606 839 sparsae,

70 860 234 898 zonatim
265 858 404 896 divisae.

182 926 348 977 Species,
389 936 502 973 quam
544 923 657 973 hujus
698 923 849 971 generis
881 925 1008 972 typum
1039 922 1320 972 constituimus,
1347 922 1426 970 jam
1456 935 1475 960 a
1507 927 1608 962 'l'ur-

71 1006 165 1034 nero
198 994 347 1043 cognita
379 994 460 1031 suit.
532 992 713 1031 Affinitate
745 995 846 1029 Fuco
880 990 1027 1028 Radulae
1059 993 1122 1028 aut
1152 992 1188 1028 1³.
1220 990 1415 1041 erinaceo,
1446 992 1503 1028 vel
1533 1002 1609 1039 po-

71 1062 258 1100 tissimum
297 1064 335 1098 F.
373 1059 500 1107 Bangii
531 1059 742 1108 proximam
771 1058 965 1106 judicavit.
1028 1060 1163 1096 Nostro
1195 1069 1274 1095 cero
1308 1058 1361 1094 11ae
1392 1057 1539 1106 species
1571 1058 1608 1095 in

71 1140 213 1177 genera
256 1127 403 1165 diversa
441 1127 595 1176 abeunt,
637 1138 722 1164 cum
761 1126 900 1174 quibus
945 1125 1124 1163 Rissoella
1163 1124 1388 1164 nullomodo
1419 1125 1459 1162 in
1491 1136 1609 1163 unum

72 1197 337 1244 conjungatur.
402 1194 608 1243 Agardliius
639 1195 740 1231 inter
769 1194 1063 1242 Splioerococcos
1094 1192 1328 1230 mamillosos
1361 1193 1610 1243 enumeravit,

72 1264 216 1311 adjecta
248 1262 528 1312 observatione,
559 1261 728 1310 speciem
760 1260 872 1297 tribui
904 1260 1031 1297 minus
1063 1259 1282 1297 convenire.
1342 1261 1504 1298 Greville
1523 1271 1610 1298 cum

72 1332 181 1379 signo
219 1330 323 1367 dubii
362 1329 614 1378 Grateloupiae
653 1328 863 1378 conjunxit,
893 1340 969 1377 quo
1001 1328 1087 1366 loco
1121 1328 1201 1377 ipse
1231 1328 1333 1366 illam
1364 1332 1472 1366 antea
1507 1327 1610 1374 (Ales.

73 1398 223 1443 medit.]
257 1396 410 1436 retinui.

183 1467 310 1502 Genus
355 1463 480 1513 quoad
527 1466 755 1500 structuram
801 1474 886 1500 cum
933 1463 1174 1513 Grateloupia
1219 1466 1257 1502 et
1299 1464 1490 1512 Gigartina
1528 1466 1609 1503 sere

72 1531 332 1582 conveniens,
376 1530 575 1568 favellidiis
619 1530 841 1580 compositis
886 1531 1105 1580 pericarpio
1150 1541 1303 1569 emerso
1355 1532 1511 1570 inclusis
1563 1533 1609 1570 al)

72 1602 147 1651 illa,
191 1597 464 1649 sphaerosporis
508 1598 648 1647 sparsis
687 1598 733 1636 ab
772 1599 851 1650 hac,
890 1602 1003 1647 atque
1041 1597 1228 1637 divisione
1258 1598 1610 1648 spliaerosporarum

73 1667 119 1705 ab
150 1671 309 1715 utraque
341 1665 572 1704 distinctum.

79 1800 110 1840 t.
141 1804 178 1840 R.
208 1809 455 1840 VERRUCULOSA
488 1800 617 1845 (Bere.
660 1810 722 1847 op.
766 1809 820 1838 sc.
866 1797 949 1836 Boc.
996 1798 1045 1837 II.
1087 1810 1126 1847 p.
1172 1799 1273 1846 290)
1318 1800 1456 1839 fronde
1502 1803 1610 1851 plana

185 1867 563 1918 cimento-oblonga,
616 1879 708 1916 vage
764 1866 936 1904 laciniata
981 1867 1201 1905 dichotoma
1246 1872 1310 1905 aut
1353 1869 1611 1918 subpinnatim

183 1948 297 1986 parce
339 1936 468 1986 divisa,
508 1935 681 1984 margine
726 1934 870 1983 ubique
915 1935 1074 1984 spinulis
1105 1934 1260 1973 minutis
1288 1936 1482 1974 multifidis
1512 1937 1612 1975 den-

184 2004 333 2042 sissime
367 2003 608 2041 denticulata.

166 2079 281 2113 Fucus
309 2079 558 2112 verruculosus
583 2078 605 2111 l.
632 2087 662 2111 c.
689 2076 759 2112 (ab.
787 2078 822 2110 ll
852 2075 909 2122 fiq.
936 2077 956 2111 4
983 2087 1017 2112 a.
1043 2077 1074 2113 b.
1102 2080 1136 2112 ct
1162 2077 1304 2113 Amocn.
1320 2077 1445 2124 ItaLp.
1461 2081 1522 2114 291
1543 2080 1611 2114 (ab,

74 2139 94 2170 ὕ
117 2135 173 2181 fiq.
201 2138 220 2171 4
247 2147 279 2170 α.
304 2136 334 2170 ὁ.
362 2139 510 2179 (eximie
523 2138 545 2179 l)

169 2196 447 2237 S1)lia·rococcus
475 2195 723 2228 verruculosus
749 2193 807 2238 Ay.
833 2204 884 2238 sp.
909 2205 944 2238 p.
970 2196 1036 2227 ⁶205
1064 2197 1096 2229 el
1119 2194 1209 2238 Syst.
1233 2206 1269 2239 p.
1296 2197 1381 2229 2⁴22!

169 2252 395 2296 Gratcloupia
419 2254 645 2286 verruculosa
672 2251 796 2292 Grev.;
820 2252 852 2286 J.
878 2253 937 2297 Ay.
964 2253 1034 2297 Alq.
1063 2254 1197 2297 ηαλμ
1215 2255 1291 2287 403.
1318 2254 1611 2300 sllont.l‹'l.1l'Aly.

101 2337 107 2344 .
136 2309 222 2344 402!

72 2321 96 2355 p
170 2369 263 2402 Grat.
291 2377 479 2402 verrucosa
504 2367 605 2402 Ismz.
631 2368 769 2411 Phycol.
796 2368 865 2402 tab.
893 2370 946 2402 75,
973 2368 1001 2404 I.
1027 2369 1084 2413 Sp.
1110 2369 1180 2414 Alq.
1202 2380 1239 2414 p.
1266 2370 1343 2402 731.

168 2428 282 2461 Fucus
307 2427 500 2461 Rissoanus
531 2426 636 2460 Turn.
663 2425 750 2460 Hisc.
777 2426 846 2460 [ab.
873 2427 956 2460 2531

187 2499 274 2537 llab.
306 2499 344 2536 in
377 2497 533 2548 rupibus
565 2498 709 2535 refluxu
740 2497 858 2534 maris
890 2497 1048 2535 emersis
1086 2498 1246 2546 soleque
1286 2498 1467 2546 expositis
1497 2498 1611 2537 maris

76 2566 362 2616 mediterranei,
406 2565 453 2603 ad
498 2566 626 2603 littora
671 2564 805 2603 ltaliae!
849 2564 1048 2603 Sardiniae!
1094 2565 1276 2603 Corcicael
1323 2569 1361 2603 et
1404 2567 1610 2616 Gallopro-

79 2634 229 2672 rinciae!

169 2709 325 2743 Frondes
353 2710 553 2753 caespitosae
581 2711 616 2742 et
640 2709 810 2750 gregariae
841 2707 1133 2751 2—4p011icares,
1169 2717 1320 2749 unguem
1348 2711 1383 2742 ct
1409 2708 1481 2742 sere
1506 2709 1612 2751 polli-

80 2774 156 2800 cem
180 2768 367 2809 aliquando
394 2768 486 2813 latae,
514 2777 611 2810 saepe
637 2768 746 2800 multo
773 2768 1006 2811 angustiores,
1034 2769 1101 2800 ima
1126 2767 1202 2800 basi
1217 2767 1477 2811 subtilisormes‚
1493 2769 1612 2810 stipite

80 2832 161 2858 mox
185 2825 328 2859 dilatato
357 2829 529 2872 cuneatoe,
557 2826 637 2861 dein
663 2826 812 2860 lineares
840 2828 899 2860 aut,
925 2825 1097 2870 oblongae,
1122 2826 1184 2860 sed
1199 2826 1612 2869 plerumqueianualcs

1440 2884 1481 2916 46
