1907 3004
81 83 417 128 Callithamuion.
751 83 959 125 (hunnum.
1562 88 1587 126 3
1596 89 1619 125 7

172 213 341 247 conserva
380 221 480 246 rosea
521 211 618 244 Roth.
656 212 730 245 Cal.
768 212 815 245 II.
849 223 884 255 p.
923 213 1008 246 l82'?
1036 215 1122 256 (non
1151 214 1226 247 Cat.
1253 213 1321 249 III.
1342 225 1379 259 p.
1408 216 1491 258 ili-5)
1525 216 1622 261 Enyl.

81 270 159 305 Bot.
187 271 258 306 tab.
284 270 375 304 966?

176 330 441 363 Callitbamnion
469 337 609 361 roseum
635 327 754 362 Harv!
776 329 809 361 in
836 327 944 363 Hools.
970 329 1031 364 ΒΓ.
1060 330 1110 364 Fl.
1136 330 1183 364 II.
1206 341 1242 375 p.
1270 331 1347 364 344.
1375 330 1517 376 Many).
1536 322 1620 366 406ἔ

81 396 168 425 (non
196 389 253 432 Ay.
278 387 357 431 Sp.)

172 445 486 479 Phlebothamnion
514 454 654 478 roseum
681 444 785 478 Ii'zz'lz.
810 455 860 489 Sp.
883 456 919 489 p.
947 447 1012 480 653
1039 448 1222 489 (partimi)

171 504 305 537 Callith.
332 505 560 544 octosperum
586 503 644 547 Ay.
670 513 720 546 sp.
742 513 778 546 p.
806 504 885 537 1177!
913 503 1015 538 [seltz.
1041 515 1092 548 Sp.
1114 515 1138 549 p
1177 507 1260 540 659!

169 562 307 595 Exsioc.
342 559 463 603 ll'yatl.
493 559 623 595 Datim.
649 560 716 595 N.·o
742 561 802 595 lili!

192 633 280 670 [lab.
313 631 348 668 in
380 631 471 679 algis
503 632 736 680 rupibusque
777 632 868 669 limo
900 632 1074 669 obductis
1106 635 1246 671 Oceani
1279 636 1443 673 atlantici
1476 637 1520 674 ad
1555 638 1619 674 lil-

80 703 160 737 tora
191 699 328 746 Angliae
360 702 398 734 et
427 697 563 736 Gallim.
598 699 786 744 t'l‘urnerl
818 695 974 737 Borrer!
1005 699 1185 738 Grillillisl
1218 703 1376 748 {larveyl
1411 705 1535 752 lpsel)

173 775 282 808 Frons
309 775 554 813 erectiuseula,
581 774 670 805 ⁶2-:3
697 774 886 816 pollicaris,
923 774 991 807 filis
1017 776 1075 807 vix
1102 776 1340 820 capillaribus,
1368 781 1535 820 primario
1564 782 1619 813 in—

77 833 174 866 ferne
212 834 394 865 corticato.
453 831 549 862 Rami
587 830 793 872 pyramidati
832 831 1078 875 decompositi,
1118 842 1402 875 quoquoversum
1431 841 1619 878 egredien-

77 879 143 924 tes.
192 891 323 922 Ramuli
351 888 549 921 conformes
583 897 869 930 quoquoversum
906 890 1054 930 pinnati.
1116 890 1234 924 Pinnae
1266 893 1394 926 infimae-
1421 896 1620 937 simpliciu-

75 950 196 992 seulae,
233 947 424 988 sequentes
461 947 653 987 pinnulatae
692 947 876 990 elongatae,
917 949 965 980 ita
992 951 1028 981 ut
1057 950 1142 982 rami
1178 951 1278 992 apice
1306 954 1506 995 corymbosi
1535 965 1619 988 eva-

75 1008 171 1040 dant.
220 1005 485 1048 Sphaerosporae
512 1005 547 1036 in
572 1006 726 1045 pinnulis
752 1005 912 1038 indivisis
940 1007 1108 1039 interiore
1135 1008 1246 1040 latere
1273 1009 1522 1055 subsecundae‚
1539 1014 1619 1054 ple-

75 1073 222 1107 rumque
249 1064 408 1105 geminae,
436 1063 646 1107 rotundatae,
673 1065 846 1105 triangule
875 1065 1009 1098 divisae.
1059 1065 1207 1099 Favellae
1234 1068 1268 1099 in
1296 1069 1438 1101 ramulis
1454 1072 1616 1110 geminae.

74 1123 177 1155 Color
215 1124 416 1155 coccineus.
473 1119 611 1154 Chartae
638 1123 724 1155 satis
752 1124 849 1155 arete
877 1123 1045 1156 adhaeret.
1095 1125 1240 1158 Articuli
1268 1126 1437 1159 diametro
1464 1128 1617 1170 2—4plo

74 1181 266 1222 longiores.

168 1236 350 1271 ''Rothium
376 1240 412 1270 et
436 1240 573 1271 reteres
598 1239 788 1281 plerosque
821 1242 962 1273 nomine
987 1240 1169 1275 Conferrae
1197 1251 1319 1276 roseae
1345 1245 1464 1286 plures
1493 1250 1528 1279 et
1554 1248 1618 1280 ad-

74 1297 217 1330 modum
255 1297 413 1330 diversas
452 1297 581 1330 formas
621 1297 857 1340 descripsisse
898 1301 933 1331 et
970 1300 1206 1343 distribuisse,
1240 1302 1277 1334 in
1301 1305 1487 1344 propatulo
1514 1306 1617 1338 nobis

74 1356 222 1388 videtur.
282 1354 377 1387 Duas
415 1355 577 1397 equidem
617 1365 636 1388 a
673 1355 742 1389 Cel.
790 1358 943 1390 Auctore
989 1361 1270 1393 communicatas
1313 1361 1452 1401 plantas
1499 1372 1618 1396 coram

76 1413 187 1446 oeulis
224 1412 348 1455 habeo,
384 1421 532 1454 quarum
560 1421 628 1446 una
653 1414 697 1446 ad
721 1414 885 1456 Bayonne
911 1416 1004 1448 lecta
1033 1419 1142 1459 (quae
1169 1418 1275 1458 igitur
1302 1421 1358 1451 est
1383 1420 1416 1451 in
1444 1419 1550 1453 Catal.
1580 1421 1617 1453 ll.

74 1469 316 1514 descripta'get
342 1472 445 1511 vera)
474 1471 517 1503 ad
543 1470 626 1503 Call.
653 1481 794 1504 roseum
824 1472 924 1507 HarV.
950 1476 1112 1516 proxime
1139 1476 1310 1508 accedere
1336 1477 1617 1520 videtur-‚altera

75 1537 95 1560 a
121 1529 229 1569 priori
265 1528 505 1561 diversissima
542 1532 577 1561 et
614 1530 754 1570 plantae
792 1532 824 1564 in
864 1532 937 1564 Cat.
964 1531 1017 1564 Ill.
1045 1534 1244 1574 descriptae
1271 1543 1341 1567 non
1367 1536 1457 1568 male
1484 1544 1616 1569 conve-

74 1586 188 1628 niens,
227 1585 310 1618 Call.
349 1587 575 1628 polyspermo
614 1588 780 1620 identica.
830 1589 922 1621 Haec
949 1590 983 1622 in
1010 1589 1157 1630 figuram
1184 1600 1202 1623 a
1229 1591 1377 1634 Dillwyn
1405 1593 1519 1625 datam
1548 1604 1615 1626 non

74 1644 166 1675 male
191 1644 379 1687 quadrans,
407 1647 444 1677 ut
471 1653 589 1677 verum
616 1645 698 1678 Call.
728 1655 867 1679 roseum
896 1648 929 1679 in
957 1646 1154 1688 Speciebus
1181 1649 1346 1689 Algarum
1369 1650 1523 1691 Agardhi
1551 1653 1616 1684 de-

74 1703 208 1743 scripta
234 1701 309 1734 suit.
360 1702 409 1733 De
435 1703 553 1743 planta
578 1703 809 1745 Dillwyniana
836 1704 940 1737 dubia
969 1708 1087 1738 tamen
1115 1707 1197 1739 milii
1225 1709 1369 1740 restant.
1417 1710 1616 1751 Speeimina

74 1759 173 1801 plura
212 1759 254 1792 ab
292 1761 369 1801 ipso
409 1761 518 1793 missa
553 1761 614 1801 (ad
656 1761 830 1794 Yarmouli
858 1763 980 1803 lectal)
1009 1764 1053 1796 ad
1078 1764 1113 1796 C.
1141 1773 1282 1797 roseum
1308 1765 1409 1798 HarV.
1438 1769 1616 1809 pertinere

75 1816 303 1859 credideriin3
329 1819 468 1850 iconem
494 1827 577 1851 vero
604 1819 782 1852 lubentius
810 1820 853 1854 ad
879 1820 914 1852 C.
940 1821 1100 1854 lanosum
1128 1822 1228 1855 Harv.
1254 1823 1396 1856 trahere
1411 1824 1613 1858 voluerim.'⁷

73 1873 106 1908 J.
134 1874 193 1918 Ay.
218 1874 331 1917 Symb.
354 1885 388 1918 p.
417 1875 472 1909 44.
498 1895 543 1900 —·
569 1876 651 1909 leon
677 1878 710 1910 in
738 1878 834 1919 Engl.
862 1879 936 1911 Bot.
964 1879 1044 1912 data
1069 1889 1193 1921 parum
1215 1881 1503 1915 characteristica
1531 1882 1615 1914 mihi

76 1932 229 1976 videtur·⁷
266 1934 459 1975 specimina
498 1944 578 1968 vero
606 1944 624 1968 3
649 1935 764 1969 Daws.
802 1937 935 1970 Turner
974 1939 1082 1971 missa
1120 1948 1240 1972 verum
1280 1939 1316 1972 C.
1345 1949 1485 1973 roseum
1515 1940 1614 1973 Harv.

77 1992 215 2024 sistunt.

77 2095 139 2133 33.
172 2101 209 2135 C.
244 2102 490 2137 Fuiicetmniffi
521 2097 584 2149 (J.
615 2104 681 2149 Ay.
716 2105 855 2144 mser.)
890 2103 1026 2140 fronde
1067 2105 1314 2141 erectiuseula
1354 2106 1500 2142 alterne
1540 2106 1614 2141 ‹le-

186 2167 597 2218 composito-pinnata,
629 2181 646 2205 a
680 2169 757 2206 basi
803 2170 996 2207 articulata
1045 2171 1302 2220 rigisliuscula,
1337 2172 1448 2209 ramis
1482 2184 1613 2209 rainu-

189 2231 308 2279 lisque
353 2244 665 2281 quoquoversum
712 2238 996 2283 egrmlienlibus
1043 2239 1227 2289 pinnatis,
1272 2240 1399 2287 pinnis
1445 2240 1613 2288 patenti-

191 2298 272 2343 bus,
305 2300 550 2338 inferioribus
582 2304 818 2349 languoribus
852 2306 930 2341 lrre
963 2306 1157 2353 lzisligialis
1200 2305 1441 2343 subsecundo
1472 2307 1614 2354 pinnu-

190 2366 285 2410 lulis,
317 2367 590 2414 spliaerosporis
620 2371 811 2416 sphaericis
842 2372 885 2408 ad
920 2374 1084 2409 ramulos
1116 2373 1266 2420 sparsis.

169 2441 303 2474 Callitb.
329 2442 517 2484 Byssoides
546 2444 689 2477 xircscli..
715 2444 840 2478 Euam.
862 2455 898 2488 p.
927 2447 991 2479 407
1018 2452 1105 2485 (nen
1131 2451 1284 2485 Arnott).

189 2513 275 2550 llab.
307 2514 345 2550 in
376 2515 598 2551 Fureellaria
639 2516 878 2564 parasiticum
923 2517 968 2553 ad
1014 2528 1100 2554 oras
1145 2519 1308 2555 Baliusioe
1350 2520 1471 2567 (lpsel.
1517 2524 1612 2558 Are—

78 2580 258 2628 scliougl)

170 2656 314 2698 Caespes
351 2659 494 2690 circiter
530 2658 721 2701 pollicaris,
759 2658 995 2699 pulcherrime
1034 2668 1169 2692 roseus.
1232 2659 1304 2693 Fila
1343 2661 1612 2704 decomposita-

81 2723 228 2756 ramosa,
250 2717 355 2748 ramis
383 2716 536 2759 alternis,
563 2716 698 2748 inferne
725 2717 779 2748 vix
808 2718 991 2749 cortic-ata.
1018 2717 1150 2750 Ramuli
1179 2718 1340 2751 laterales
1368 2719 1493 2751 breves
1521 2729 1611 2761 quo-

79 2781 290 2815 quoversum
329 2775 552 2813 egredientes
593 2777 627 2806 et
652 2784 936 2816 quoquoversum
964 2776 1110 2816 pinnati.
1160 2775 1288 2808 Pinnae
1316 2776 1528 2809 ramulorum
1554 2778 1610 2809 iii-

81 2831 225 2863 seriores
254 2831 429 2865 raebidem
458 2833 676 2872 longitudine
705 2833 775 2865 sere
802 2835 954 2876 aequant,
982 2835 1249 2876 saepeincurvffi
1265 2837 1299 2867 et
1313 2837 1513 2867 extrorsum
1527 2836 1608 2876 pin—
