1907 3004
65 59 300 118 quarlina.
706 55 953 99 Gicaarixssffi.
1497 55 1523 96 2
1532 55 1587 95 71

173 194 260 233 Hab.
292 194 328 232 in
358 191 454 230 mari
485 191 636 229 australi
677 190 905 239 (Menzies);
944 189 989 227 ad
1030 188 1152 226 littora
1185 186 1453 226 meridionalia
1484 188 1593 225 Nova>

62 262 266 301 llollandioe
299 262 411 309 (Mus.
450 259 610 308 Parisl);
641 258 686 296 ad
718 258 955 296 'rasmaniam
988 257 1158 304 (Lyallt).

154 339 263 371 Frons
290 345 409 371 crassa
434 336 538 379 plana
567 336 723 376 margine
751 337 898 375 angusto
932 333 1174 375 canaliculata,
1201 333 1391 375 tripinuata
1418 335 1477 366 aut
1502 333 1594 366 ulte-

61 398 134 430 rius
160 396 414 438 decomposita,
441 403 458 426 a
486 394 604 427 radice
631 393 760 426 librosa
788 393 1021 425 erectiuscula
1048 391 1266 435 spitliamaea,
1289 393 1493 434 juganiento
1521 394 1595 435 pri-

60 456 169 488 mario
197 454 285 487 3-4
312 454 423 486 lineas
449 454 530 496 lato,
557 452 631 486 basi
662 453 693 485 in
721 453 877 494 stipitem
910 452 1188 492 teretiusculum,
1215 460 1367 493 superne
1397 453 1428 483 in
1457 452 1595 492 apicem

62 513 225 546 obtusum
264 513 455 545 attenuato.
518 512 542 543 Α
582 512 737 552 margine
775 511 906 543 exeunt
930 511 1048 552 pinnae
1075 518 1274 542 numerosa}
1301 509 1511 553 conformes,
1539 512 1595 542 in-

60 571 207 604 feriores
233 570 395 612 majores.
445 569 601 602 l'iunuloe
628 569 703 601 basi
731 570 858 601 eximie
885 570 1086 608 attenuatae,
1113 568 1508 610 oblongo-lanceolatae,
1536 570 1596 599 aut

58 629 164 671 paulo
198 637 305 670 supra
344 628 464 661 basem
499 635 670 660 summam
697 628 909 667 attingentes
935 625 1155 659 latitudinem
1183 628 1218 658 et
1243 627 1369 660 exinde
1396 628 1429 659 in
1457 627 1594 669 apicem

61 686 225 720 obtusum
259 688 465 727 attenuatus,
499 685 631 718 fertiles
658 685 769 725 magis
797 684 969 727 obovatae,
996 683 1082 716 infra
1111 685 1247 725 apicem
1276 686 1507 726 cystocarpiis
1534 693 1595 717 so-

59 745 184 777 litariis
211 745 359 786 maguis,
387 745 419 776 in
447 743 635 776 alterutera
659 743 789 784 pagina
816 742 1085 783 liemispliaerice
1099 743 1380 784 prominentibus
1400 744 1594 777 instructae.

60 804 286 845 (lystocarpia
321 803 420 844 quasi
446 800 536 833 lehis
563 800 739 843 spiraliter
765 801 866 833 tertis
894 800 1107 843 umbilicata,
1137 801 1237 841 apice
1264 802 1340 842 ipso
1368 803 1595 844 emarginato,

61 860 149 892 infra
189 861 288 893 siuus
328 861 376 892 ita
414 859 581 892 formatos
619 859 783 891 nucleum
823 861 878 891 sat
917 860 1149 900 conspicuum
1176 859 1339 893 foventia.
1392 859 1596 894 Substantia

61 926 181 951 crassa
208 926 251 950 ex
277 918 471 958 gelatinoso
499 917 738 957 cartilaginea.
788 915 890 948 Color
914 916 1041 949 lividus
1068 919 1128 950 aut
1151 926 1425 959 purpurascens.

152 976 252 1009 Nullo
290 977 366 1009 viso
403 976 596 1018 specimine
634 975 763 1016 plantae
790 973 1016 1008 Turnerianae
1044 975 1207 1017 quaedam
1233 976 1276 1009 de
1302 976 1486 1009 identitate
1513 986 1596 1019 spe-

61 1036 204 1078 cierum,
233 1044 319 1076 quas
346 1042 454 1075 supra
481 1033 739 1076 conjunximus,
767 1033 871 1066 dubia
898 1036 1052 1066 manent..
1102 1034 1135 1066 Si
1164 1034 1423 1076 descriptiones
1450 1043 1597 1076 compa-

61 1095 180 1126 rantur
206 1093 252 1125 ita
289 1095 406 1126 tamen
445 1093 669 1135 conveniunt,
697 1094 734 1125 ut
759 1094 899 1134 species
934 1093 1091 1126 diversas
1118 1094 1177 1126 vix
1203 1094 1415 1134 suspicarer.
1465 1093 1595 1137 Planta,

61 1160 162 1193 quam
199 1152 338 1184 nomine
371 1150 444 1192 Gig.
483 1151 598 1184 lividae
624 1160 643 1183 a
668 1150 802 1193 Harvey
831 1153 965 1194 accepi,
992 1160 1011 1184 a
1037 1151 1119 1193 Spb.
1145 1151 1343 1184 crassifolio
1370 1150 1493 1185 fronde
1520 1153 1595 1184 evi-

61 1209 201 1242 dentius
243 1209 474 1242 canaliculata
513 1209 641 1242 differt.
680 1228 723 1233 —
759 1209 921 1242 Attamen
961 1209 1078 1242 dicere
1105 1209 1156 1242 sas
1184 1212 1248 1252 est,
1276 1219 1398 1243 omnes
1432 1212 1596 1243 auctores

61 1267 283 1300 characteres
321 1267 439 1308 plures
478 1268 629 1310 speciei,
679 1267 799 1309 quales
837 1276 943 1308 supra
982 1267 1142 1311 exhibui,
1189 1268 1329 1300 silentio
1367 1269 1597 1310 praetoriisse.

60 1324 210 1365 liiitzing
242 1326 277 1358 in
310 1334 374 1357 suo
402 1325 460 1357 Ch.
487 1325 592 1358 livido
619 1326 782 1367 pinnulas
810 1324 1010 1358 fructiferas
1037 1328 1168 1358 teretes
1195 1327 1231 1358 et
1256 1327 1475 1368 cystocarpia
1503 1336 1597 1359 mar-

61 1384 187 1424 ginalia
222 1383 402 1428 describit,
436 1392 544 1427 quare
572 1385 712 1426 species
737 1384 858 1426 plures
885 1383 949 1417 sub
977 1385 1115 1417 nomine
1142 1383 1176 1418 F.
1202 1384 1297 1417 lividi
1324 1384 1489 1418 confusas
1518 1393 1597 1417 cre—

62 1442 144 1475 dere
170 1443 286 1475 liceat.

61 1625 116 1664 lll.
148 1623 308 1665 Fronde
337 1622 432 1665 hinc
463 1623 751 1664 canaliculala
781 1623 1013 1665 ‹licleotoma
1045 1623 1110 1665 cel
1145 1622 1413 1676 subfirmata,
1455 1627 1596 1675 cysso-

133 1693 292 1745 carpe'e's
323 1690 580 1733 unibilz‘cccte's
611 1693 654 1732 in
676 1693 839 1742 passima
870 1703 1058 1733 convesci
1089 1692 1391 1744 emerqenlibus
1423 1692 1528 1733 sub-

555 1759 861 1811 marqe'nalz'bus
887 1760 1095 1811 plurimis

69 1885 127 1925 1¹4.
159 1889 199 1925 G.
228 1894 387 1925 ALVEATA
420 1885 566 1931 [Turn.
599 1885 698 1925 Hisc.
739 1897 776 1924 n.
815 1885 916 1936 239)
961 1886 1098 1925 fronde
1140 1886 1226 1924 hinc
1268 1897 1450 1937 convexa,
1496 1886 1599 1923 illine

173 1956 416 1994 canaliculato
447 1954 580 1992 lineari
613 1954 1064 2005 dicliotonio-lastigiata,
1096 1954 1304 2003 segmentis
1334 1953 1598 2003 superioribus

173 2021 458 2073 approximatis,
487 2023 644 2060 suminis
676 2022 871 2073 revolutis,
902 2023 1134 2072 cystocarpia
1166 2022 1382 2060 umbilicata
1414 2022 1458 2061 ad
1490 2034 1600 2060 mar—

173 2090 280 2138 gines
309 2089 454 2138 paginae
485 2100 661 2129 convexae
692 2090 929 2138 emergentia
960 2090 1120 2139 plurima
1152 2089 1384 2139 gerentibus.

156 2165 192 2199 F.
219 2168 375 2200 alveatus
404 2164 509 2200 Turn.
537 2166 558 2200 l.
585 2176 615 2200 c.
642 2165 710 2200 tab.
738 2165 832 2199 ⁶239n

157 2223 241 2266 Spli.
268 2224 424 2257 alveatus
450 2224 509 2268 Ay.
535 2234 586 2268 sp.
608 2234 643 2268 p.
670 2226 736 2257 ⁰272
764 2226 797 2258 ec
820 2223 911 2268 Sy-st.
931 2234 969 2268 p.
996 2225 1079 2258 223!

157 2281 339 2314 Cliondrus
365 2282 522 2315 alveatus
550 2280 672 2324 (ἔνθα,
699 2281 808 2316 Hoolc.
835 2284 869 2316 et
894 2281 1002 2316 Harv.
1028 2283 1100 2326 Alq.
1125 2291 1206 2317 nov.
1234 2281 1305 2317 Zel.
1327 2291 1363 2326 p.
1390 2283 1468 2316 5547.

157 2337 400 2380 Mastocarpus
427 2340 583 2373 alveatus
609 2339 713 2374 Ii'u'cz.
739 2349 790 2383 sp.
816 2339 888 2384 Aly.
909 2350 945 2384 p.
974 2341 1058 2374 732!

176 2409 264 2447 Ilab.
310 2409 354 2447 ad
401 2421 486 2448 oras
532 2412 641 2448 Novae
683 2410 868 2449 zelandiae
913 2411 1071 2458 (iiankst
1118 2410 1181 2449 llb.
1221 2412 1403 2451 Grevillel
1435 2415 1473 2449 et
1504 2416 1598 2452 llar-

66 2477 189 2525 ve5l).
830 2465 842 2476 ⁰

157 2553 311 2588 Frondes
337 2552 598 2598 2—4·uiiciales,
627 2563 645 2586 a
672 2553 791 2587 radice
818 2554 956 2587 scutata
983 2553 1229 2587 erectiusculm
1259 2563 1456 2589 numerosa*
1472 2564 1599 2597 grega-

67 2611 139 2653 riae,
176 2611 338 2656 lineares,
375 2615 434 2646 vix
471 2614 598 2646 lineam
624 2613 716 2655 latui,
743 2622 806 2654 per
832 2614 942 2645 totam
968 2613 1223 2653 longitudinem
1250 2615 1439 2647 introrsum
1465 2615 1599 2648 canali-

68 2669 192 2702 culatae
231 2671 429 2703 extrorsum
468 2671 765 2714 convexiusculze,
803 2671 835 2702 iu
875 2670 1041 2703 inferiore
1080 2674 1178 2712 parte
1205 2673 1348 2713 parcius
1375 2672 1598 2716 ‹licliotomae,

67 2735 219 2768 superne
257 2731 449 2768 segmentis
487 2729 742 2772 adproximatis
777 2727 974 2771 fastigiatoe,
999 2730 1192 2769 segmentis
1219 2731 1392 2772 supremis
1419 2731 1598 2774 revolutis,

69 2785 168 2827 apice
194 2785 456 2829 obtusiusculo3
481 2788 596 2820 axilliss
622 2788 851 2820 acutiuscula}
876 2788 1050 2830 patentes.
1097 2787 1323 2830 Cystoearpia
1349 2788 1392 2821 ad
1418 2790 1600 2829 segmenta

69 2843 252 2884 superiora
276 2844 311 2876 in
334 2846 462 2887 pagina
489 2845 764 2880 convexiuscula
785 2844 886 2887 Juxta
911 2847 1086 2886 margines
1115 2847 1340 2892 emergentia,
1355 2847 1468 2880 rarius
1483 2848 1598 2889 ipsum
