1907 3004
270 83 329 123 22
338 84 363 121 3
896 74 1186 117 Cavrroxssussiss.
1494 75 1802 134 Cryptoneme‘a.

361 210 476 250 (Zrypt.
501 207 654 238 Laetuoa
678 203 710 237 J.
738 202 795 248 riq.
823 204 893 249 Alq.
909 206 1043 249 med.p.
1060 208 1136 240 400.
1163 205 1272 240 Μοηί.
1288 205 1338 241 Fl.
1353 206 1504 251 ‹I'Aly.p.
1522 210 1584 241 109
1601 209 1744 250 (partim
1755 208 1801 251 Ὁ.

360 266 572 307 Euliyrnenia
598 262 749 297 Lactuca
776 261 878 297 Ji'acz.
905 273 956 307 sp.
979 274 1014 307 p.
1042 264 1102 296 744
1136 265 1338 307 (partim'f).

376 334 463 372 llab.
509 335 547 372 in
592 333 687 371 mari
731 334 1017 372 mediterraneo
1063 338 1100 372 et
1143 335 1325 375 adriatico
1371 336 1470 375 inter
1513 338 1691 387 spongias
1734 348 1801 376 ca-

264 414 478 443 vernarum.

356 481 465 513 Frons
493 478 776 521 2—4-pollicaris,
803 479 902 512 caule
930 487 1077 520 surgens
1105 480 1195 514 alato
1225 480 1419 513 residuisve
1449 481 1802 527 solioruminaequali,

264 540 404 572 demum
442 537 496 570 his
530 537 699 570 obsoletis
727 538 967 580 teretiuseulo,
994 546 1147 579 pennam
1174 538 1409 572 columbinam
1436 543 1598 574 crassitie
1626 545 1799 586 a=quante,

262 598 389 630 foliolis
427 597 578 629 ramisve
615 596 715 628 novis
752 596 1020 639 pullulantibus,
1054 605 1118 629 suo
1158 597 1280 630 ordine
1307 598 1435 630 lamina
1461 599 1622 642 detersis,
1650 609 1800 633 ramoso.

260 654 390 687 Foliola
417 663 435 686 a
462 654 562 687 caule
589 663 650 687 seu
679 663 697 686 a
725 656 823 687 costa
863 654 936 687 folii
973 655 1192 699 pullulantia,
1231 666 1323 689 nuno
1360 666 1378 689 a
1412 659 1567 698 margine
1605 660 1689 692 laeso
1728 659 1801 692 folii

260 712 332 745 fere
374 722 485 755 usque
512 712 555 744 ad
582 715 718 745 costam
757 713 871 745 derasi
909 715 1165 757 provenientia,
1205 714 1578 759 obovato-rotundata,
1617 716 1800 749 latitudine

259 771 514 812 longitudinem
552 770 624 803 fere
665 772 839 813 aequante,
881 771 1068 813 aliquando
1095 775 1296 816 superante,
1324 774 1480 813 margine
1506 773 1629 806 leviter
1656 775 1800 806 sinuosa

261 832 320 862 aut
354 830 561 871 plerumque
600 829 837 868 integerrima.
895 828 930 861 ln
958 829 1011 862 liis
1039 829 1165 863 foliolis
1193 833 1414 873 eystoearpia
1439 839 1561 873 sparsa
1587 831 1799 875 nidulantur,

261 888 293 919 in
319 888 509 920 alterutera
535 887 722 929 superficie
749 888 851 929 paulo
879 889 990 928 magis
1016 889 1226 930 prominula,
1252 891 1298 921 ita
1315 891 1446 923 minuta
1462 892 1499 923 ut
1513 891 1652 923 oculum
1669 891 1798 923 nudum

258 944 422 978 facillime
463 945 607 985 fugiant.
664 944 869 978 Substantia
907 954 1011 988 quam
1039 947 1073 978 in
1102 946 1395 981 antecedentibus
1421 949 1526 991 paulo
1553 948 1670 982 forsan
1699 957 1799 981 cras-

259 1007 342 1039 sior.
392 1004 494 1037 Color
521 1013 656 1037 roseus.

351 1062 461 1095 Frons
487 1063 526 1094 ut
552 1062 672 1094 folium
704 1062 865 1104 simplex,
893 1062 1011 1095 infima
1036 1062 1111 1095 basi
1140 1065 1315 1097 costatuni
1343 1065 1378 1096 et
1402 1065 1436 1097 in
1462 1065 1563 1099 lobos
1577 1066 1696 1108 plures
1711 1065 1798 1097 sub-

257 1121 464 1154 rotundatos
499 1120 662 1163 divisum,
690 1120 895 1162 inchoatur,
922 1123 956 1153 et
982 1122 1029 1153 ita
1056 1121 1315 1163 quodammodo
1343 1130 1422 1155 cum
1450 1124 1682 1156 antecedente
1709 1132 1797 1156 con-

257 1182 360 1221 gruit.
409 1178 493 1212 Lobi
519 1188 601 1212 vero
629 1187 710 1211 mox
736 1179 771 1212 in
798 1178 913 1211 foliola
940 1181 1097 1220 separari
1124 1180 1288 1212 videntur
1313 1182 1348 1213 et
1372 1181 1492 1222 planta
1509 1181 1660 1222 vulgaris
1676 1180 1796 1213 formae

256 1241 303 1271 ita
343 1239 463 1271 oritur.
525 1237 626 1279 Apud
663 1237 876 1278 Agardliium
915 1240 1064 1280 utraque
1103 1238 1306 1280 conjuncta.
1369 1239 1568 1282 Descriptio
1608 1249 1688 1273 vero
1717 1240 1797 1272 data

256 1298 290 1329 in
317 1296 578 1338 praeeedentem
617 1296 742 1328 melius
781 1296 940 1340 quadrat,
980 1305 1088 1340 quare
1115 1306 1243 1331 nomen
1269 1297 1472 1342 Bertolonii,
1500 1299 1659 1340 tempore
1686 1299 1796 1341 prius,

253 1355 421 1396 praesenti
448 1353 689 1395 usurpandum
718 1353 865 1387 credidi.

255 1457 290 1498 6.
322 1462 380 1497 Cn.
412 1467 604 1497 LUXUluANS
636 1459 764 1504 (Mart
810 1461 949 1505 mser.)
998 1460 1231 1510 molesmum,
1277 1459 1384 1498 caule
1431 1471 1584 1498 ramoso
1629 1471 1795 1510 superne

364 1527 464 1564 alato
511 1530 548 1564 et
592 1526 630 1564 in
677 1526 834 1564 laminas
880 1529 1040 1564 eost-„itas
1083 1526 1322 1565 sublineares
1368 1527 1567 1565 undulatas
1609 1527 1795 1577 abeunte,

363 1592 504 1631 foliolis
535 1594 694 1631 novellis
724 1606 743 1631 a
775 1597 877 1631 costa
910 1597 947 1631 et
977 1594 1149 1642 margine
1166 1594 1438 1643 pullulantibus
1457 1594 1794 1633 obovato-oblon-

364 1662 418 1709 gis
450 1661 625 1710 stipitatis
654 1661 944 1713 subenervibus,
975 1662 1250 1712 sphaerosporis
1282 1662 1319 1700 in
1352 1662 1491 1701 foliolis
1517 1660 1672 1699 minutis
1689 1671 1794 1698 mar-

364 1729 550 1776 ginalibus
583 1728 756 1767 evolutis.

343 1805 458 1838 Funus
484 1806 665 1838 luxurians
692 1803 796 1838 Mert.
824 1813 933 1838 mser.

345 1865 625 1906 Spliaerocoecus
651 1865 832 1897 luxurians
859 1863 968 1896 Mart.
996 1862 1047 1896 Fl.
1073 1861 1179 1897 Bras.
1201 1873 1236 1907 p.
1267 1865 1320 1897 32.

344 1921 599 1964 Pliyllophora?
624 1922 806 1955 luxurians
834 1920 945 1954 Mont.
980 1919 1059 1964 Voy.
1086 1921 1157 1955 Pol.
1183 1921 1265 1955 διαί.
1289 1931 1325 1965 p.
1357 1921 1439 1955 loo!

343 1979 557 2022 Euliymenia
583 1980 763 2013 luxurians
791 1978 891 2013 Ιιίὶίῖ..
920 1989 971 2023 sp.
994 1989 1031 2022 p.
1060 1979 1141 2013 742!

343 2036 479 2079 Spliaer.
504 2037 657 2072 Lactuea
684 2047 754 2071 var.
781 2039 962 2071 luxurians
988 2037 1046 2082 Ay.
1072 2037 1129 2081 Sp.
1156 2037 1176 2072 1
1193 2048 1230 2082 p.
1257 2039 1334 2072 232.
1360 2038 1451 2082 Sysl,
1473 2049 1508 2082 p.
1535 2041 1617 2073 2112!

359 2108 446 2146 llab.
480 2108 517 2145 in
556 2120 702 2147 oceano
743 2110 923 2147 atlantico
963 2109 1009 2147 ad
1053 2121 1139 2148 oras
1184 2111 1346 2148 Brasiliae
1387 2112 1618 2160 (Martiusl),
1656 2111 1788 2150 Marti-

247 2176 341 2214 niem
378 2177 649 2227 (nuperreyl),
690 2178 895 2225 senegaliae
939 2179 1007 2224 (ex
1049 2178 1294 2229 Montagne);
1339 2179 1376 2217 in
1410 2180 1508 2217 freto
1542 2179 1787 2226 Magon-„inico

248 2242 481 2294 (d'l'rville),
514 2244 558 2281 ad
591 2257 676 2282 oras
708 2246 880 2293 Ceylonae
913 2244 1034 2292 (‘?llb.
1064 2246 1244 2294 Agarilli).

338 2320 462 2353 Forma
489 2322 643 2362 generali
671 2321 815 2365 frondis,
842 2322 962 2355 colore
977 2324 1012 2354 et
1025 2315 1224 2356 substantia
1240 2323 1503 2365 pra-cedentem
1519 2324 1659 2358 omnino
1675 2332 1786 2356 aemu-

245 2379 347 2413 latur.
402 2379 555 2412 Laminm
590 2380 722 2413 frondis
759 2389 842 2413 vero
878 2381 993 2413 minus
1021 2389 1124 2423 quam
1153 2382 1187 2413 in
1214 2382 1270 2414 illa
1299 2381 1542 2424 obliterantur,
1568 2382 1615 2414 ita
1641 2383 1679 2413 ut
1705 2380 1786 2413 folia

245 2439 352 2470 multa
392 2440 529 2471 castata
566 2438 865 2479 lineari-oblonga
897 2439 1105 2481 plerumque
1143 2439 1283 2472 adsunt.
1332 2440 1508 2480 Margines
1536 2440 1658 2473 horum
1685 2448 1784 2479 mag-

245 2505 377 2538 nopere
404 2497 572 2540 undulati,
600 2497 689 2530 loliis
717 2497 858 2530 domuin
884 2499 1071 2538 separatis.
1098 2497 1227 2530 Foliola
1253 2507 1343 2531 nova
1369 2501 1452 2531 sunt
1476 2498 1587 2538 magis
1610 2496 1782 2535 elongata.

246 2554 517 2596 Spliaerosporas
552 2556 585 2587 in
619 2555 745 2597 phyllis
779 2556 922 2587 minutis
949 2564 967 2587 a
994 2556 1152 2593 margine
1179 2555 1458 2597 prolilicantibus
1485 2555 1654 2596 evolutas,
1681 2561 1782 2585 soros

246 2613 278 2644 in
306 2614 454 2655 utraque
485 2614 673 2654 superficie
709 2613 912 2657 formantes,
940 2614 1030 2646 inter
1057 2613 1113 2646 fila
1143 2613 1348 2647 abbreviata
1375 2615 1573 2656 immersaS,
1600 2611 1781 2653 oblongas,

245 2670 428 2703 cruciatim
454 2670 585 2704 divisas
612 2671 693 2705 vidi.
