<?xml version="1.0" encoding="UTF-8"?>
<!DOCTYPE html PUBLIC "-//W3C//DTD XHTML 1.0 Transitional//EN"
    "http://www.w3.org/TR/xhtml1/DTD/xhtml1-transitional.dtd">
<html xmlns="http://www.w3.org/1999/xhtml" xml:lang="en" lang="en">
 <head>
  <title>
</title>
<meta http-equiv="Content-Type" content="text/html;charset=utf-8" />
  <meta name='ocr-system' content='tesseract 3.04.00' />
  <meta name='ocr-capabilities' content='ocr_page ocr_carea ocr_par ocr_line ocrx_word'/>
</head>
<body>
  <div class='ocr_page' id='page_1' title='image "./speciesgeneraeto0201agar_0219.png"; bbox 0 0 1907 3004; ppageno 0'>
   <div class='ocr_carea' id='block_1_1' title="bbox 73 40 1603 100">
    <p class='ocr_par' dir='ltr' id='par_1_1' title="bbox 73 40 1603 100">
     <span class='ocr_line' id='line_1_1' title="bbox 73 40 1603 100; baseline 0.003 -15"><span class='ocrx_word' id='word_1_1' title='bbox 73 40 104 85; x_wconf 86' lang='lat' dir='ltr'><em>A</em></span> <span class='ocrx_word' id='word_1_2' title='bbox 113 40 306 100; x_wconf 75' lang='lat' dir='ltr'>erotylus.</span> <span class='ocrx_word' id='word_1_3' title='bbox 690 42 976 87; x_wconf 65' lang='lat' dir='ltr'>Carrroxuurffi.</span> <span class='ocrx_word' id='word_1_4' title='bbox 1512 50 1532 89; x_wconf 92' lang='lat'>1</span> <span class='ocrx_word' id='word_1_5' title='bbox 1544 49 1603 90; x_wconf 84' lang='lat'>93</span> 
     </span>
    </p>
   </div>
   <div class='ocr_carea' id='block_1_2' title="bbox 52 173 1603 1224">
    <p class='ocr_par' dir='ltr' id='par_1_2' title="bbox 52 173 1603 1224">
     <span class='ocr_line' id='line_1_2' title="bbox 180 173 1603 229; baseline 0.004 -17"><span class='ocrx_word' id='word_1_6' title='bbox 180 177 318 224; x_wconf 87' lang='lat' dir='ltr'>Genus,</span> <span class='ocrx_word' id='word_1_7' title='bbox 352 173 471 210; x_wconf 89' lang='lat' dir='ltr'>fructu</span> <span class='ocrx_word' id='word_1_8' title='bbox 505 177 668 223; x_wconf 87' lang='lat' dir='ltr'>utroque</span> <span class='ocrx_word' id='word_1_9' title='bbox 701 176 870 215; x_wconf 83' lang='lat' dir='ltr'>nondum</span> <span class='ocrx_word' id='word_1_10' title='bbox 905 178 941 214; x_wconf 92' lang='lat' dir='ltr'>in</span> <span class='ocrx_word' id='word_1_11' title='bbox 973 178 1105 216; x_wconf 87' lang='lat' dir='ltr'>eadem</span> <span class='ocrx_word' id='word_1_12' title='bbox 1137 179 1265 227; x_wconf 78' lang='lat' dir='ltr'>specie</span> <span class='ocrx_word' id='word_1_13' title='bbox 1298 178 1408 217; x_wconf 88' lang='lat' dir='ltr'>simul</span> <span class='ocrx_word' id='word_1_14' title='bbox 1436 179 1603 229; x_wconf 76' lang='lat' dir='ltr'>invento,</span> 
     </span>
     <span class='ocr_line' id='line_1_3' title="bbox 68 240 1602 295; baseline 0.006 -19"><span class='ocrx_word' id='word_1_15' title='bbox 68 251 145 277; x_wconf 85' lang='lat' dir='ltr'>non</span> <span class='ocrx_word' id='word_1_16' title='bbox 178 240 353 278; x_wconf 84' lang='lat' dir='ltr'>omnibus</span> <span class='ocrx_word' id='word_1_17' title='bbox 390 240 515 278; x_wconf 84' lang='lat' dir='ltr'>dubiis</span> <span class='ocrx_word' id='word_1_18' title='bbox 557 242 684 280; x_wconf 86' lang='lat' dir='ltr'>forsan</span> <span class='ocrx_word' id='word_1_19' title='bbox 727 255 872 282; x_wconf 75' lang='lat' dir='ltr'>carens.</span> <span class='ocrx_word' id='word_1_20' title='bbox 942 246 976 283; x_wconf 89' lang='lat' dir='ltr'>Si</span> <span class='ocrx_word' id='word_1_21' title='bbox 1016 247 1128 284; x_wconf 87' lang='lat' dir='ltr'>ambo</span> <span class='ocrx_word' id='word_1_22' title='bbox 1159 247 1306 295; x_wconf 84' lang='lat' dir='ltr'>species</span> <span class='ocrx_word' id='word_1_23' title='bbox 1340 257 1468 284; x_wconf 72' lang='lat' dir='ltr'>revera</span> <span class='ocrx_word' id='word_1_24' title='bbox 1502 259 1602 285; x_wconf 91' lang='lat' dir='ltr'>con-</span> 
     </span>
     <span class='ocr_line' id='line_1_4' title="bbox 68 307 1600 364; baseline 0.005 -20"><span class='ocrx_word' id='word_1_25' title='bbox 68 308 254 354; x_wconf 77' lang='lat' dir='ltr'>genericae</span> <span class='ocrx_word' id='word_1_26' title='bbox 291 307 377 356; x_wconf 84' lang='lat' dir='ltr'>sint,</span> <span class='ocrx_word' id='word_1_27' title='bbox 416 307 461 344; x_wconf 87' lang='lat' dir='ltr'>ab</span> <span class='ocrx_word' id='word_1_28' title='bbox 501 309 677 346; x_wconf 83' lang='lat' dir='ltr'>omnibus</span> <span class='ocrx_word' id='word_1_29' title='bbox 717 311 900 348; x_wconf 80' lang='lat' dir='ltr'>Floridcis</span> <span class='ocrx_word' id='word_1_30' title='bbox 940 325 1045 364; x_wconf 85' lang='lat' dir='ltr'>sane,</span> <span class='ocrx_word' id='word_1_31' title='bbox 1077 313 1356 351; x_wconf 79' lang='lat' dir='ltr'>characteribus</span> <span class='ocrx_word' id='word_1_32' title='bbox 1388 314 1600 363; x_wconf 76' lang='lat' dir='ltr'>insignibus</span> 
     </span>
     <span class='ocr_line' id='line_1_5' title="bbox 66 373 1598 430; baseline 0.006 -21"><span class='ocrx_word' id='word_1_33' title='bbox 66 373 263 420; x_wconf 82' lang='lat' dir='ltr'>utriusque</span> <span class='ocrx_word' id='word_1_34' title='bbox 309 373 463 422; x_wconf 82' lang='lat' dir='ltr'>fructus,</span> <span class='ocrx_word' id='word_1_35' title='bbox 509 376 618 414; x_wconf 85' lang='lat' dir='ltr'>facite</span> <span class='ocrx_word' id='word_1_36' title='bbox 663 377 911 425; x_wconf 73' lang='lat' dir='ltr'>dignoscitur.</span> <span class='ocrx_word' id='word_1_37' title='bbox 984 381 1046 418; x_wconf 88' lang='lat' dir='ltr'>Sin</span> <span class='ocrx_word' id='word_1_38' title='bbox 1093 392 1183 418; x_wconf 81' lang='lat' dir='ltr'>vero</span> <span class='ocrx_word' id='word_1_39' title='bbox 1225 382 1368 419; x_wconf 85' lang='lat' dir='ltr'>fructus</span> <span class='ocrx_word' id='word_1_40' title='bbox 1399 383 1504 430; x_wconf 86' lang='lat' dir='ltr'>aiter,</span> <span class='ocrx_word' id='word_1_41' title='bbox 1536 382 1598 430; x_wconf 88' lang='lat' dir='ltr'>qui</span> 
     </span>
     <span class='ocr_line' id='line_1_6' title="bbox 65 440 1599 498; baseline 0.007 -23"><span class='ocrx_word' id='word_1_42' title='bbox 65 440 178 476; x_wconf 81' lang='lat' dir='ltr'>hodie</span> <span class='ocrx_word' id='word_1_43' title='bbox 224 440 374 488; x_wconf 76' lang='lat' dir='ltr'>ignotus</span> <span class='ocrx_word' id='word_1_44' title='bbox 418 447 560 491; x_wconf 79' lang='lat' dir='ltr'>manet,</span> <span class='ocrx_word' id='word_1_45' title='bbox 606 444 861 483; x_wconf 75' lang='lat' dir='ltr'>diversitatem</span> <span class='ocrx_word' id='word_1_46' title='bbox 908 448 1124 495; x_wconf 76' lang='lat' dir='ltr'>genoricum</span> <span class='ocrx_word' id='word_1_47' title='bbox 1155 448 1369 497; x_wconf 79' lang='lat' dir='ltr'>specierum</span> <span class='ocrx_word' id='word_1_48' title='bbox 1403 448 1599 498; x_wconf 82' lang='lat' dir='ltr'>proderet,</span> 
     </span>
     <span class='ocr_line' id='line_1_7' title="bbox 64 509 1598 564; baseline 0.008 -23"><span class='ocrx_word' id='word_1_49' title='bbox 64 509 222 553; x_wconf 87' lang='lat' dir='ltr'>utraque</span> <span class='ocrx_word' id='word_1_50' title='bbox 251 510 399 556; x_wconf 86' lang='lat' dir='ltr'>species</span> <span class='ocrx_word' id='word_1_51' title='bbox 431 521 571 548; x_wconf 87' lang='lat' dir='ltr'>novum</span> <span class='ocrx_word' id='word_1_52' title='bbox 604 523 721 560; x_wconf 76' lang='lat' dir='ltr'>genus</span> <span class='ocrx_word' id='word_1_53' title='bbox 752 514 820 551; x_wconf 86' lang='lat' dir='ltr'>sibi</span> <span class='ocrx_word' id='word_1_54' title='bbox 853 526 943 552; x_wconf 89' lang='lat' dir='ltr'>sane</span> <span class='ocrx_word' id='word_1_55' title='bbox 964 519 1127 562; x_wconf 81' lang='lat' dir='ltr'>urgeret.</span> <span class='ocrx_word' id='word_1_56' title='bbox 1166 516 1453 564; x_wconf 70' lang='lat' dir='ltr'>Splizcrosporas</span> <span class='ocrx_word' id='word_1_57' title='bbox 1472 527 1598 564; x_wconf 89' lang='lat' dir='ltr'>quan-</span> 
     </span>
     <span class='ocr_line' id='line_1_8' title="bbox 63 574 1597 631; baseline 0.007 -22"><span class='ocrx_word' id='word_1_58' title='bbox 63 574 148 611; x_wconf 87' lang='lat' dir='ltr'>dam</span> <span class='ocrx_word' id='word_1_59' title='bbox 195 586 280 612; x_wconf 88' lang='lat' dir='ltr'>cum</span> <span class='ocrx_word' id='word_1_60' title='bbox 325 577 564 625; x_wconf 86' lang='lat' dir='ltr'>Acropeltide</span> <span class='ocrx_word' id='word_1_61' title='bbox 610 579 827 618; x_wconf 80' lang='lat' dir='ltr'>affinitatem</span> <span class='ocrx_word' id='word_1_62' title='bbox 875 582 1065 631; x_wconf 78' lang='lat' dir='ltr'>indicare,</span> <span class='ocrx_word' id='word_1_63' title='bbox 1112 583 1235 619; x_wconf 77' lang='lat' dir='ltr'>forsan</span> <span class='ocrx_word' id='word_1_64' title='bbox 1268 583 1366 630; x_wconf 79' lang='lat' dir='ltr'>&#39;quis</span> <span class='ocrx_word' id='word_1_65' title='bbox 1411 582 1597 622; x_wconf 89' lang='lat' dir='ltr'>erederet.</span> 
     </span>
     <span class='ocr_line' id='line_1_9' title="bbox 61 641 1598 698; baseline 0.007 -22"><span class='ocrx_word' id='word_1_66' title='bbox 61 641 132 677; x_wconf 76' lang='lat' dir='ltr'>Sed</span> <span class='ocrx_word' id='word_1_67' title='bbox 165 644 202 678; x_wconf 90' lang='lat' dir='ltr'>et</span> <span class='ocrx_word' id='word_1_68' title='bbox 234 642 362 680; x_wconf 79' lang='lat' dir='ltr'>indole</span> <span class='ocrx_word' id='word_1_69' title='bbox 400 646 555 683; x_wconf 77' lang='lat' dir='ltr'>macutae</span> <span class='ocrx_word' id='word_1_70' title='bbox 596 646 728 684; x_wconf 76' lang='lat' dir='ltr'>fertilis</span> <span class='ocrx_word' id='word_1_71' title='bbox 770 651 806 684; x_wconf 89' lang='lat' dir='ltr'>et</span> <span class='ocrx_word' id='word_1_72' title='bbox 836 651 1022 686; x_wconf 83' lang='lat' dir='ltr'>structura</span> <span class='ocrx_word' id='word_1_73' title='bbox 1054 649 1200 686; x_wconf 80' lang='lat' dir='ltr'>frondis</span> <span class='ocrx_word' id='word_1_74' title='bbox 1233 650 1304 686; x_wconf 84' lang='lat' dir='ltr'>hoc</span> <span class='ocrx_word' id='word_1_75' title='bbox 1335 661 1453 697; x_wconf 77' lang='lat' dir='ltr'>genus</span> <span class='ocrx_word' id='word_1_76' title='bbox 1485 651 1598 698; x_wconf 70' lang='lat' dir='ltr'>longe</span> 
     </span>
     <span class='ocr_line' id='line_1_10' title="bbox 60 707 1597 765; baseline 0.007 -22"><span class='ocrx_word' id='word_1_77' title='bbox 60 707 194 745; x_wconf 81' lang='lat' dir='ltr'>differt.</span> <span class='ocrx_word' id='word_1_78' title='bbox 262 711 456 761; x_wconf 68' lang='lat' dir='ltr'>Poiyopes‚</span> <span class='ocrx_word' id='word_1_79' title='bbox 494 712 596 760; x_wconf 91' lang='lat' dir='ltr'>quod</span> <span class='ocrx_word' id='word_1_80' title='bbox 635 724 754 760; x_wconf 79' lang='lat' dir='ltr'>genus</span> <span class='ocrx_word' id='word_1_81' title='bbox 786 725 871 751; x_wconf 90' lang='lat' dir='ltr'>cum</span> <span class='ocrx_word' id='word_1_82' title='bbox 901 716 1075 760; x_wconf 71' lang='lat' dir='ltr'>AcrotyIO</span> <span class='ocrx_word' id='word_1_83' title='bbox 1109 727 1265 763; x_wconf 84' lang='lat' dir='ltr'>quoque</span> <span class='ocrx_word' id='word_1_84' title='bbox 1297 718 1597 765; x_wconf 87' lang='lat' dir='ltr'>comparandum</span> 
     </span>
     <span class='ocr_line' id='line_1_11' title="bbox 59 777 1595 830; baseline 0.007 -19"><span class='ocrx_word' id='word_1_85' title='bbox 59 778 250 825; x_wconf 80' lang='lat' dir='ltr'>appareat,</span> <span class='ocrx_word' id='word_1_86' title='bbox 293 777 413 815; x_wconf 91' lang='lat' dir='ltr'>forma</span> <span class='ocrx_word' id='word_1_87' title='bbox 452 780 696 829; x_wconf 80' lang='lat' dir='ltr'>Nemattiecii,</span> <span class='ocrx_word' id='word_1_88' title='bbox 737 780 926 818; x_wconf 80' lang='lat' dir='ltr'>divisione</span> <span class='ocrx_word' id='word_1_89' title='bbox 957 782 1309 830; x_wconf 79' lang='lat' dir='ltr'>spiiaerosporarum</span> <span class='ocrx_word' id='word_1_90' title='bbox 1343 787 1380 820; x_wconf 84' lang='lat' dir='ltr'>et</span> <span class='ocrx_word' id='word_1_91' title='bbox 1410 787 1595 822; x_wconf 77' lang='lat' dir='ltr'>structura</span> 
     </span>
     <span class='ocr_line' id='line_1_12' title="bbox 58 843 1594 898; baseline 0.008 -24"><span class='ocrx_word' id='word_1_92' title='bbox 58 852 212 890; x_wconf 85' lang='lat' dir='ltr'>quoque</span> <span class='ocrx_word' id='word_1_93' title='bbox 255 843 401 880; x_wconf 79' lang='lat' dir='ltr'>frondis</span> <span class='ocrx_word' id='word_1_94' title='bbox 442 845 552 892; x_wconf 87' lang='lat' dir='ltr'>(ticet</span> <span class='ocrx_word' id='word_1_95' title='bbox 593 846 670 883; x_wconf 68' lang='lat' dir='ltr'>liceo</span> <span class='ocrx_word' id='word_1_96' title='bbox 707 847 916 884; x_wconf 81' lang='lat' dir='ltr'>differentia</span> <span class='ocrx_word' id='word_1_97' title='bbox 955 859 1055 895; x_wconf 65' lang='lat' dir='ltr'>{egre</span> <span class='ocrx_word' id='word_1_98' title='bbox 1092 848 1219 886; x_wconf 82' lang='lat' dir='ltr'>verbis</span> <span class='ocrx_word' id='word_1_99' title='bbox 1257 850 1478 898; x_wconf 81' lang='lat' dir='ltr'>exponitur)</span> <span class='ocrx_word' id='word_1_100' title='bbox 1517 861 1594 888; x_wconf 92' lang='lat' dir='ltr'>non</span> 
     </span>
     <span class='ocr_line' id='line_1_13' title="bbox 56 907 1592 967; baseline 0.007 -25"><span class='ocrx_word' id='word_1_101' title='bbox 56 907 182 943; x_wconf 88' lang='lat' dir='ltr'>minus</span> <span class='ocrx_word' id='word_1_102' title='bbox 227 908 458 947; x_wconf 87' lang='lat' dir='ltr'>distinctum.</span> <span class='ocrx_word' id='word_1_103' title='bbox 532 914 624 948; x_wconf 87' lang='lat' dir='ltr'>Cum</span> <span class='ocrx_word' id='word_1_104' title='bbox 669 914 751 950; x_wconf 79' lang='lat' dir='ltr'>aliis</span> <span class='ocrx_word' id='word_1_105' title='bbox 797 914 1015 965; x_wconf 75' lang='lat' dir='ltr'>generibus,</span> <span class='ocrx_word' id='word_1_106' title='bbox 1054 925 1136 962; x_wconf 77' lang='lat' dir='ltr'>quae</span> <span class='ocrx_word' id='word_1_107' title='bbox 1168 916 1410 954; x_wconf 80' lang='lat' dir='ltr'>Nematiieeia</span> <span class='ocrx_word' id='word_1_108' title='bbox 1443 921 1592 967; x_wconf 76' lang='lat' dir='ltr'>gerunt,</span> 
     </span>
     <span class='ocr_line' id='line_1_14' title="bbox 55 974 1589 1029; baseline 0.008 -20"><span class='ocrx_word' id='word_1_109' title='bbox 55 974 112 1010; x_wconf 65' lang='lat' dir='ltr'>xix</span> <span class='ocrx_word' id='word_1_110' title='bbox 144 976 453 1023; x_wconf 85' lang='lat' dir='ltr'>comparandum.</span> <span class='ocrx_word' id='word_1_111' title='bbox 526 980 764 1029; x_wconf 75' lang='lat' dir='ltr'>Cystocarpia</span> <span class='ocrx_word' id='word_1_112' title='bbox 796 981 832 1018; x_wconf 91' lang='lat' dir='ltr'>in</span> <span class='ocrx_word' id='word_1_113' title='bbox 864 982 1032 1019; x_wconf 85' lang='lat' dir='ltr'>verrucis</span> <span class='ocrx_word' id='word_1_114' title='bbox 1064 983 1408 1021; x_wconf 84' lang='lat' dir='ltr'>Nematiiecioideis</span> <span class='ocrx_word' id='word_1_115' title='bbox 1441 985 1589 1021; x_wconf 84' lang='lat' dir='ltr'>evoluta</span> 
     </span>
     <span class='ocr_line' id='line_1_15' title="bbox 53 1041 1590 1103; baseline 0.01 -27"><span class='ocrx_word' id='word_1_116' title='bbox 53 1041 182 1088; x_wconf 81' lang='lat' dir='ltr'>paucis</span> <span class='ocrx_word' id='word_1_117' title='bbox 214 1043 416 1090; x_wconf 78' lang='lat' dir='ltr'>generibus</span> <span class='ocrx_word' id='word_1_118' title='bbox 449 1044 552 1092; x_wconf 65' lang='lat' dir='ltr'>priva</span> <span class='ocrx_word' id='word_1_119' title='bbox 583 1050 680 1084; x_wconf 91' lang='lat' dir='ltr'>sunt.</span> <span class='ocrx_word' id='word_1_120' title='bbox 741 1048 988 1097; x_wconf 71' lang='lat' dir='ltr'>Riiizopiiyiiis</span> <span class='ocrx_word' id='word_1_121' title='bbox 1021 1052 1207 1088; x_wconf 86' lang='lat' dir='ltr'>structura</span> <span class='ocrx_word' id='word_1_122' title='bbox 1240 1052 1400 1103; x_wconf 81' lang='lat' dir='ltr'>frondis,</span> <span class='ocrx_word' id='word_1_123' title='bbox 1430 1055 1590 1100; x_wconf 50' lang='lat' dir='ltr'>Pes-sso-</span> 
     </span>
     <span class='ocr_line' id='line_1_16' title="bbox 53 1108 1590 1170; baseline 0.008 -26"><span class='ocrx_word' id='word_1_124' title='bbox 53 1108 152 1145; x_wconf 87' lang='lat' dir='ltr'>nelia</span> <span class='ocrx_word' id='word_1_125' title='bbox 196 1112 308 1158; x_wconf 81' lang='lat' dir='ltr'>atque</span> <span class='ocrx_word' id='word_1_126' title='bbox 352 1111 525 1158; x_wconf 66' lang='lat' dir='ltr'>Polyidos</span> <span class='ocrx_word' id='word_1_127' title='bbox 570 1116 606 1150; x_wconf 87' lang='lat' dir='ltr'>et</span> <span class='ocrx_word' id='word_1_128' title='bbox 651 1114 729 1163; x_wconf 85' lang='lat' dir='ltr'>ipsa</span> <span class='ocrx_word' id='word_1_129' title='bbox 773 1116 903 1154; x_wconf 82' lang='lat' dir='ltr'>Nuciei</span> <span class='ocrx_word' id='word_1_130' title='bbox 942 1119 1130 1155; x_wconf 86' lang='lat' dir='ltr'>structura</span> <span class='ocrx_word' id='word_1_131' title='bbox 1168 1121 1205 1156; x_wconf 90' lang='lat' dir='ltr'>et</span> <span class='ocrx_word' id='word_1_132' title='bbox 1252 1119 1401 1170; x_wconf 85' lang='lat' dir='ltr'>fronde,</span> <span class='ocrx_word' id='word_1_133' title='bbox 1433 1120 1590 1167; x_wconf 74' lang='lat' dir='ltr'>negotio</span> 
     </span>
     <span class='ocr_line' id='line_1_17' title="bbox 52 1174 477 1224; baseline 0.014 -14"><span class='ocrx_word' id='word_1_134' title='bbox 52 1174 158 1211; x_wconf 79' lang='lat' dir='ltr'>nulio</span> <span class='ocrx_word' id='word_1_135' title='bbox 191 1175 477 1224; x_wconf 75' lang='lat' dir='ltr'>dignoscuntur.</span> 
     </span>
    </p>
   </div>
   <div class='ocr_carea' id='block_1_3' title="bbox 214 1289 1426 1347">
    <p class='ocr_par' dir='ltr' id='par_1_3' title="bbox 214 1289 1426 1347">
     <span class='ocr_line' id='line_1_18' title="bbox 214 1289 1426 1347; baseline 0.012 -24"><span class='ocrx_word' id='word_1_136' title='bbox 214 1289 238 1325; x_wconf 89' lang='lat' dir='ltr'>l.</span> <span class='ocrx_word' id='word_1_137' title='bbox 270 1290 497 1328; x_wconf 67' lang='lat' dir='ltr'>Pnismrom</span> <span class='ocrx_word' id='word_1_138' title='bbox 527 1289 678 1341; x_wconf 76' lang='lat' dir='ltr'>fromle</span> <span class='ocrx_word' id='word_1_139' title='bbox 707 1293 902 1344; x_wconf 74' lang='lat' dir='ltr'>simplici,</span> <span class='ocrx_word' id='word_1_140' title='bbox 925 1295 1426 1347; x_wconf 68' lang='lat' dir='ltr'>prismatico—anqulala.</span> 
     </span>
    </p>
   </div>
   <div class='ocr_carea' id='block_1_4' title="bbox 57 1361 1590 1493">
    <p class='ocr_par' dir='ltr' id='par_1_4' title="bbox 57 1361 1590 1493">
     <span class='ocr_line' id='line_1_19' title="bbox 57 1361 1590 1429; baseline 0.011 -30"><span class='ocrx_word' id='word_1_141' title='bbox 57 1361 87 1399; x_wconf 76' lang='lat' dir='ltr'>t.</span> <span class='ocrx_word' id='word_1_142' title='bbox 118 1366 199 1401; x_wconf 78' lang='lat' dir='ltr'>Aca.</span> <span class='ocrx_word' id='word_1_143' title='bbox 233 1374 457 1405; x_wconf 73' lang='lat' dir='ltr'>PRJSMATiCUS</span> <span class='ocrx_word' id='word_1_144' title='bbox 489 1367 543 1413; x_wconf 85' lang='lat' dir='ltr'>(J.</span> <span class='ocrx_word' id='word_1_145' title='bbox 576 1370 643 1418; x_wconf 71' lang='lat' dir='ltr'>Ay.</span> <span class='ocrx_word' id='word_1_146' title='bbox 676 1371 800 1419; x_wconf 73' lang='lat' dir='ltr'>symb.</span> <span class='ocrx_word' id='word_1_147' title='bbox 852 1372 866 1410; x_wconf 76' lang='lat' dir='ltr'>t</span> <span class='ocrx_word' id='word_1_148' title='bbox 911 1384 948 1420; x_wconf 82' lang='lat' dir='ltr'>p.</span> <span class='ocrx_word' id='word_1_149' title='bbox 1000 1374 1070 1421; x_wconf 75' lang='lat'>49)</span> <span class='ocrx_word' id='word_1_150' title='bbox 1115 1376 1252 1414; x_wconf 85' lang='lat' dir='ltr'>fronde</span> <span class='ocrx_word' id='word_1_151' title='bbox 1297 1377 1590 1429; x_wconf 72' lang='lat' dir='ltr'>simplicissima,</span> 
     </span>
     <span class='ocr_line' id='line_1_20' title="bbox 162 1431 1352 1493; baseline 0.013 -26"><span class='ocrx_word' id='word_1_152' title='bbox 162 1431 220 1468; x_wconf 84' lang='lat' dir='ltr'>hic</span> <span class='ocrx_word' id='word_1_153' title='bbox 250 1432 326 1470; x_wconf 87' lang='lat' dir='ltr'>itiic</span> <span class='ocrx_word' id='word_1_154' title='bbox 355 1437 813 1489; x_wconf 79' lang='lat' dir='ltr'>strangulato-proiifera,</span> <span class='ocrx_word' id='word_1_155' title='bbox 845 1440 1064 1489; x_wconf 87' lang='lat' dir='ltr'>prismatico</span> <span class='ocrx_word' id='word_1_156' title='bbox 1097 1442 1352 1493; x_wconf 81' lang='lat' dir='ltr'>3—4·quetra.</span> 
     </span>
    </p>
   </div>
   <div class='ocr_carea' id='block_1_5' title="bbox 141 1506 997 1617">
    <p class='ocr_par' dir='ltr' id='par_1_5' title="bbox 141 1506 997 1617">
     <span class='ocr_line' id='line_1_21' title="bbox 141 1506 802 1557; baseline 0.014 -17"><span class='ocrx_word' id='word_1_157' title='bbox 141 1506 326 1542; x_wconf 82' lang='lat' dir='ltr'>Dumontia</span> <span class='ocrx_word' id='word_1_158' title='bbox 352 1511 556 1551; x_wconf 85' lang='lat' dir='ltr'>prismatica</span> <span class='ocrx_word' id='word_1_159' title='bbox 581 1512 613 1545; x_wconf 84' lang='lat' dir='ltr'>J.</span> <span class='ocrx_word' id='word_1_160' title='bbox 640 1512 698 1557; x_wconf 78' lang='lat' dir='ltr'>Aq.</span> <span class='ocrx_word' id='word_1_161' title='bbox 725 1515 746 1548; x_wconf 82' lang='lat' dir='ltr'>l.</span> <span class='ocrx_word' id='word_1_162' title='bbox 772 1526 802 1549; x_wconf 86' lang='lat' dir='ltr'>c.</span> 
     </span>
     <span class='ocr_line' id='line_1_22' title="bbox 143 1564 997 1617; baseline 0.013 -20"><span class='ocrx_word' id='word_1_163' title='bbox 143 1564 392 1608; x_wconf 82' lang='lat' dir='ltr'>Gymnophlaea</span> <span class='ocrx_word' id='word_1_164' title='bbox 417 1571 623 1611; x_wconf 81' lang='lat' dir='ltr'>prismatica</span> <span class='ocrx_word' id='word_1_165' title='bbox 649 1571 752 1607; x_wconf 66' lang='lat' dir='ltr'>Isntz.</span> <span class='ocrx_word' id='word_1_166' title='bbox 778 1583 829 1617; x_wconf 78' lang='lat' dir='ltr'>sp.</span> <span class='ocrx_word' id='word_1_167' title='bbox 850 1583 887 1617; x_wconf 82' lang='lat' dir='ltr'>p.</span> <span class='ocrx_word' id='word_1_168' title='bbox 913 1576 997 1609; x_wconf 67' lang='lat'>74⁴!</span> 
     </span>
    </p>
   </div>
   <div class='ocr_carea' id='block_1_6' title="bbox 157 1636 1339 1695">
    <p class='ocr_par' dir='ltr' id='par_1_6' title="bbox 157 1636 1339 1695">
     <span class='ocr_line' id='line_1_23' title="bbox 157 1636 1339 1695; baseline 0.013 -23"><span class='ocrx_word' id='word_1_169' title='bbox 157 1636 245 1674; x_wconf 88' lang='lat' dir='ltr'>llab.</span> <span class='ocrx_word' id='word_1_170' title='bbox 278 1638 315 1676; x_wconf 91' lang='lat' dir='ltr'>in</span> <span class='ocrx_word' id='word_1_171' title='bbox 346 1640 441 1677; x_wconf 86' lang='lat' dir='ltr'>mari</span> <span class='ocrx_word' id='word_1_172' title='bbox 472 1641 602 1679; x_wconf 87' lang='lat' dir='ltr'>indico</span> <span class='ocrx_word' id='word_1_173' title='bbox 634 1644 679 1681; x_wconf 89' lang='lat' dir='ltr'>ad</span> <span class='ocrx_word' id='word_1_174' title='bbox 712 1656 797 1683; x_wconf 87' lang='lat' dir='ltr'>oras</span> <span class='ocrx_word' id='word_1_175' title='bbox 829 1646 1085 1684; x_wconf 81' lang='lat' dir='ltr'>Ilindostaniae</span> <span class='ocrx_word' id='word_1_176' title='bbox 1119 1647 1203 1695; x_wconf 85' lang='lat' dir='ltr'><strong>(Hb.</strong></span> <span class='ocrx_word' id='word_1_177' title='bbox 1234 1650 1285 1695; x_wconf 80' lang='lat' dir='ltr'>Ag</span> <span class='ocrx_word' id='word_1_178' title='bbox 1308 1650 1339 1695; x_wconf 72' lang='grc' dir='ltr'>ἔ)</span> 
     </span>
    </p>
   </div>
   <div class='ocr_carea' id='block_1_7' title="bbox 39 1709 1585 2510">
    <p class='ocr_par' dir='ltr' id='par_1_7' title="bbox 43 1709 1585 2152">
     <span class='ocr_line' id='line_1_24' title="bbox 137 1709 1585 1771; baseline 0.012 -28"><span class='ocrx_word' id='word_1_179' title='bbox 137 1709 292 1746; x_wconf 89' lang='lat' dir='ltr'>Frondes</span> <span class='ocrx_word' id='word_1_180' title='bbox 319 1723 338 1746; x_wconf 87' lang='lat' dir='ltr'>a</span> <span class='ocrx_word' id='word_1_181' title='bbox 362 1715 438 1748; x_wconf 87' lang='lat' dir='ltr'>basi</span> <span class='ocrx_word' id='word_1_182' title='bbox 481 1720 618 1751; x_wconf 82' lang='lat' dir='ltr'>scutata</span> <span class='ocrx_word' id='word_1_183' title='bbox 643 1721 762 1761; x_wconf 84' lang='lat' dir='ltr'>plures</span> <span class='ocrx_word' id='word_1_184' title='bbox 789 1723 959 1762; x_wconf 80' lang='lat' dir='ltr'>gregariae</span> <span class='ocrx_word' id='word_1_185' title='bbox 987 1725 1147 1765; x_wconf 83' lang='lat' dir='ltr'>surgunt,</span> <span class='ocrx_word' id='word_1_186' title='bbox 1174 1723 1468 1771; x_wconf 65' lang='lat' dir='ltr'>4—5poiticares,</span> <span class='ocrx_word' id='word_1_187' title='bbox 1495 1737 1585 1771; x_wconf 88' lang='lat' dir='ltr'>pen-</span> 
     </span>
     <span class='ocr_line' id='line_1_25' title="bbox 46 1772 1585 1828; baseline 0.011 -27"><span class='ocrx_word' id='word_1_188' title='bbox 46 1777 125 1801; x_wconf 87' lang='lat' dir='ltr'>nam</span> <span class='ocrx_word' id='word_1_189' title='bbox 152 1772 330 1805; x_wconf 83' lang='lat' dir='ltr'>corvinam</span> <span class='ocrx_word' id='word_1_190' title='bbox 363 1782 506 1818; x_wconf 80' lang='lat' dir='ltr'>crassae,</span> <span class='ocrx_word' id='word_1_191' title='bbox 543 1777 828 1823; x_wconf 68' lang='lat' dir='ltr'>simplicissimae,</span> <span class='ocrx_word' id='word_1_192' title='bbox 862 1789 956 1812; x_wconf 83' lang='lat' dir='ltr'>nunc</span> <span class='ocrx_word' id='word_1_193' title='bbox 988 1780 1161 1813; x_wconf 77' lang='lat' dir='ltr'>distanter</span> <span class='ocrx_word' id='word_1_194' title='bbox 1187 1784 1428 1828; x_wconf 73' lang='lat' dir='ltr'>strangulatae,</span> <span class='ocrx_word' id='word_1_195' title='bbox 1455 1794 1473 1818; x_wconf 84' lang='lat' dir='ltr'>a</span> <span class='ocrx_word' id='word_1_196' title='bbox 1500 1788 1585 1819; x_wconf 86' lang='lat' dir='ltr'>stri-</span> 
     </span>
     <span class='ocr_line' id='line_1_26' title="bbox 47 1828 1584 1885; baseline 0.012 -27"><span class='ocrx_word' id='word_1_197' title='bbox 47 1828 145 1859; x_wconf 82' lang='lat' dir='ltr'>ctura</span> <span class='ocrx_word' id='word_1_198' title='bbox 181 1836 245 1869; x_wconf 90' lang='lat' dir='ltr'>per</span> <span class='ocrx_word' id='word_1_199' title='bbox 270 1829 430 1864; x_wconf 87' lang='lat' dir='ltr'>frondem</span> <span class='ocrx_word' id='word_1_200' title='bbox 457 1834 606 1867; x_wconf 79' lang='lat' dir='ltr'>similem</span> <span class='ocrx_word' id='word_1_201' title='bbox 633 1837 858 1880; x_wconf 58' lang='lat' dir='ltr'>continuatae,</span> <span class='ocrx_word' id='word_1_202' title='bbox 885 1840 1023 1871; x_wconf 83' lang='lat' dir='ltr'>acutius</span> <span class='ocrx_word' id='word_1_203' title='bbox 1052 1838 1290 1885; x_wconf 75' lang='lat' dir='ltr'>3-4quetrae,</span> <span class='ocrx_word' id='word_1_204' title='bbox 1318 1844 1418 1884; x_wconf 81' lang='lat' dir='ltr'>apice</span> <span class='ocrx_word' id='word_1_205' title='bbox 1445 1843 1584 1878; x_wconf 81' lang='lat' dir='ltr'>obtuso.</span> 
     </span>
     <span class='ocr_line' id='line_1_27' title="bbox 45 1884 1584 1941; baseline 0.01 -24"><span class='ocrx_word' id='word_1_206' title='bbox 45 1884 146 1917; x_wconf 89' lang='lat' dir='ltr'>Color</span> <span class='ocrx_word' id='word_1_207' title='bbox 171 1894 443 1929; x_wconf 85' lang='lat' dir='ltr'>purpurascens.</span> <span class='ocrx_word' id='word_1_208' title='bbox 494 1890 647 1924; x_wconf 82' lang='lat' dir='ltr'>Stratum</span> <span class='ocrx_word' id='word_1_209' title='bbox 673 1893 820 1927; x_wconf 87' lang='lat' dir='ltr'>interius</span> <span class='ocrx_word' id='word_1_210' title='bbox 848 1897 903 1928; x_wconf 81' lang='lat' dir='ltr'>sat</span> <span class='ocrx_word' id='word_1_211' title='bbox 929 1896 1088 1940; x_wconf 89' lang='lat' dir='ltr'>densum,</span> <span class='ocrx_word' id='word_1_212' title='bbox 1116 1897 1218 1930; x_wconf 87' lang='lat' dir='ltr'>acido</span> <span class='ocrx_word' id='word_1_213' title='bbox 1244 1907 1328 1931; x_wconf 84' lang='lat' dir='ltr'>vero</span> <span class='ocrx_word' id='word_1_214' title='bbox 1357 1900 1584 1941; x_wconf 87' lang='lat' dir='ltr'>superfusum</span> 
     </span>
     <span class='ocr_line' id='line_1_28' title="bbox 45 1947 1584 1996; baseline 0.011 -22"><span class='ocrx_word' id='word_1_215' title='bbox 45 1951 238 1985; x_wconf 80' lang='lat' dir='ltr'>expansum</span> <span class='ocrx_word' id='word_1_216' title='bbox 264 1947 299 1978; x_wconf 81' lang='lat' dir='ltr'>et</span> <span class='ocrx_word' id='word_1_217' title='bbox 324 1948 536 1982; x_wconf 84' lang='lat' dir='ltr'>structuram</span> <span class='ocrx_word' id='word_1_218' title='bbox 563 1952 703 1991; x_wconf 82' lang='lat' dir='ltr'>generis</span> <span class='ocrx_word' id='word_1_219' title='bbox 729 1957 947 1996; x_wconf 68' lang='lat' dir='ltr'>monstrans,</span> <span class='ocrx_word' id='word_1_220' title='bbox 970 1957 1117 1988; x_wconf 82' lang='lat' dir='ltr'>stratum</span> <span class='ocrx_word' id='word_1_221' title='bbox 1134 1957 1289 1989; x_wconf 85' lang='lat' dir='ltr'>exterius</span> <span class='ocrx_word' id='word_1_222' title='bbox 1306 1957 1371 1989; x_wconf 83' lang='lat' dir='ltr'>filis</span> <span class='ocrx_word' id='word_1_223' title='bbox 1388 1958 1584 1991; x_wconf 85' lang='lat' dir='ltr'>monilisor-</span> 
     </span>
     <span class='ocr_line' id='line_1_29' title="bbox 43 2000 1584 2058; baseline 0.011 -26"><span class='ocrx_word' id='word_1_224' title='bbox 43 2000 157 2034; x_wconf 88' lang='lat' dir='ltr'>mibus</span> <span class='ocrx_word' id='word_1_225' title='bbox 197 2002 305 2036; x_wconf 90' lang='lat' dir='ltr'>dense</span> <span class='ocrx_word' id='word_1_226' title='bbox 344 2005 608 2051; x_wconf 81' lang='lat' dir='ltr'>adproximatis,</span> <span class='ocrx_word' id='word_1_227' title='bbox 647 2008 782 2043; x_wconf 85' lang='lat' dir='ltr'>inferne</span> <span class='ocrx_word' id='word_1_228' title='bbox 821 2011 1044 2055; x_wconf 67' lang='lat' dir='ltr'>(flebotomis,</span> <span class='ocrx_word' id='word_1_229' title='bbox 1085 2016 1236 2047; x_wconf 82' lang='lat' dir='ltr'>constat.</span> <span class='ocrx_word' id='word_1_230' title='bbox 1292 2014 1449 2047; x_wconf 75' lang='lat' dir='ltr'>Faveuas</span> <span class='ocrx_word' id='word_1_231' title='bbox 1476 2025 1584 2058; x_wconf 83' lang='lat' dir='ltr'>supra</span> 
     </span>
     <span class='ocr_line' id='line_1_30' title="bbox 44 2058 1582 2117; baseline 0.012 -27"><span class='ocrx_word' id='word_1_232' title='bbox 44 2058 240 2102; x_wconf 83' lang='lat' dir='ltr'>descriptas</span> <span class='ocrx_word' id='word_1_233' title='bbox 266 2061 412 2096; x_wconf 81' lang='lat' dir='ltr'>Generis</span> <span class='ocrx_word' id='word_1_234' title='bbox 437 2064 472 2097; x_wconf 88' lang='lat' dir='ltr'>in</span> <span class='ocrx_word' id='word_1_235' title='bbox 498 2064 563 2099; x_wconf 86' lang='lat' dir='ltr'>hac</span> <span class='ocrx_word' id='word_1_236' title='bbox 589 2069 710 2109; x_wconf 86' lang='lat' dir='ltr'>specie</span> <span class='ocrx_word' id='word_1_237' title='bbox 737 2067 935 2102; x_wconf 79' lang='lat' dir='ltr'>observavi.</span> <span class='ocrx_word' id='word_1_238' title='bbox 984 2072 1083 2113; x_wconf 84' lang='lat' dir='ltr'>Apex</span> <span class='ocrx_word' id='word_1_239' title='bbox 1109 2071 1243 2105; x_wconf 86' lang='lat' dir='ltr'>frondis</span> <span class='ocrx_word' id='word_1_240' title='bbox 1270 2071 1397 2106; x_wconf 84' lang='lat' dir='ltr'>fertilis</span> <span class='ocrx_word' id='word_1_241' title='bbox 1413 2075 1582 2117; x_wconf 78' lang='lat' dir='ltr'>clavatus,</span> 
     </span>
     <span class='ocr_line' id='line_1_31' title="bbox 44 2117 303 2152; baseline 0.019 -5"><span class='ocrx_word' id='word_1_242' title='bbox 44 2117 303 2152; x_wconf 81' lang='lat' dir='ltr'>teretiuseulus.</span> 
     </span>
    </p>

    <p class='ocr_par' dir='ltr' id='par_1_8' title="bbox 39 2173 1580 2510">
     <span class='ocr_line' id='line_1_32' title="bbox 134 2173 1580 2232; baseline 0.012 -27"><span class='ocrx_word' id='word_1_243' title='bbox 134 2173 279 2214; x_wconf 85' lang='lat' dir='ltr'>Species</span> <span class='ocrx_word' id='word_1_244' title='bbox 306 2185 390 2210; x_wconf 88' lang='lat' dir='ltr'>sane</span> <span class='ocrx_word' id='word_1_245' title='bbox 418 2178 700 2215; x_wconf 73' lang='lat' dir='ltr'>distinctissime.</span> <span class='ocrx_word' id='word_1_246' title='bbox 750 2182 962 2225; x_wconf 79' lang='lat' dir='ltr'>Halymeniae</span> <span class='ocrx_word' id='word_1_247' title='bbox 988 2188 1142 2219; x_wconf 79' lang='lat' dir='ltr'>saccatae</span> <span class='ocrx_word' id='word_1_248' title='bbox 1169 2186 1308 2221; x_wconf 82' lang='lat' dir='ltr'>affinem</span> <span class='ocrx_word' id='word_1_249' title='bbox 1337 2189 1417 2221; x_wconf 91' lang='lat' dir='ltr'>olim</span> <span class='ocrx_word' id='word_1_250' title='bbox 1434 2189 1580 2232; x_wconf 87' lang='lat' dir='ltr'>credidi,</span> 
     </span>
     <span class='ocr_line' id='line_1_33' title="bbox 44 2231 1580 2283; baseline 0.012 -22"><span class='ocrx_word' id='word_1_251' title='bbox 44 2232 149 2263; x_wconf 84' lang='lat' dir='ltr'>etita</span> <span class='ocrx_word' id='word_1_252' title='bbox 174 2231 372 2267; x_wconf 82' lang='lat' dir='ltr'>Dumontiae</span> <span class='ocrx_word' id='word_1_253' title='bbox 409 2237 571 2281; x_wconf 87' lang='lat' dir='ltr'>primum,</span> <span class='ocrx_word' id='word_1_254' title='bbox 612 2239 691 2272; x_wconf 87' lang='lat' dir='ltr'>dein</span> <span class='ocrx_word' id='word_1_255' title='bbox 730 2241 932 2283; x_wconf 77' lang='lat' dir='ltr'>Chaetangio</span> <span class='ocrx_word' id='word_1_256' title='bbox 959 2244 1199 2278; x_wconf 70' lang='lat' dir='ltr'>adnumeravi.</span> <span class='ocrx_word' id='word_1_257' title='bbox 1250 2245 1434 2278; x_wconf 86' lang='lat' dir='ltr'>Structura</span> <span class='ocrx_word' id='word_1_258' title='bbox 1463 2248 1580 2279; x_wconf 87' lang='lat' dir='ltr'>autem</span> 
     </span>
     <span class='ocr_line' id='line_1_34' title="bbox 42 2286 1579 2341; baseline 0.011 -22"><span class='ocrx_word' id='word_1_259' title='bbox 42 2286 144 2320; x_wconf 86' lang='lat' dir='ltr'>hodie</span> <span class='ocrx_word' id='word_1_260' title='bbox 171 2289 294 2322; x_wconf 89' lang='lat' dir='ltr'>melius</span> <span class='ocrx_word' id='word_1_261' title='bbox 320 2295 508 2333; x_wconf 76' lang='lat' dir='ltr'>perspecta</span> <span class='ocrx_word' id='word_1_262' title='bbox 534 2296 569 2326; x_wconf 81' lang='lat' dir='ltr'>et</span> <span class='ocrx_word' id='word_1_263' title='bbox 594 2295 709 2329; x_wconf 86' lang='lat' dir='ltr'>fructu</span> <span class='ocrx_word' id='word_1_264' title='bbox 736 2298 886 2341; x_wconf 83' lang='lat' dir='ltr'>detecto,</span> <span class='ocrx_word' id='word_1_265' title='bbox 914 2300 1016 2332; x_wconf 85' lang='lat' dir='ltr'>aliam</span> <span class='ocrx_word' id='word_1_266' title='bbox 1044 2303 1184 2334; x_wconf 87' lang='lat' dir='ltr'>omnino</span> <span class='ocrx_word' id='word_1_267' title='bbox 1210 2302 1252 2334; x_wconf 79' lang='lat' dir='ltr'>de</span> <span class='ocrx_word' id='word_1_268' title='bbox 1267 2302 1437 2334; x_wconf 82' lang='lat' dir='ltr'>affinitate</span> <span class='ocrx_word' id='word_1_269' title='bbox 1454 2303 1579 2335; x_wconf 67' lang='lat' dir='ltr'>idseam</span> 
     </span>
     <span class='ocr_line' id='line_1_35' title="bbox 40 2346 1578 2402; baseline 0.011 -26"><span class='ocrx_word' id='word_1_270' title='bbox 40 2346 196 2386; x_wconf 75' lang='lat' dir='ltr'>profiteri</span> <span class='ocrx_word' id='word_1_271' title='bbox 232 2354 350 2387; x_wconf 85' lang='lat' dir='ltr'>cogor.</span> <span class='ocrx_word' id='word_1_272' title='bbox 406 2348 491 2381; x_wconf 90' lang='lat' dir='ltr'>Cum</span> <span class='ocrx_word' id='word_1_273' title='bbox 524 2350 773 2393; x_wconf 83' lang='lat' dir='ltr'>Gymnophlaea</span> <span class='ocrx_word' id='word_1_274' title='bbox 800 2363 818 2386; x_wconf 89' lang='lat' dir='ltr'>a</span> <span class='ocrx_word' id='word_1_275' title='bbox 844 2355 1028 2396; x_wconf 77' lang='lat' dir='ltr'>Kutzmgio</span> <span class='ocrx_word' id='word_1_276' title='bbox 1056 2358 1257 2402; x_wconf 71' lang='lat' dir='ltr'>conjuncta,</span> <span class='ocrx_word' id='word_1_277' title='bbox 1285 2360 1347 2391; x_wconf 88' lang='lat' dir='ltr'>sed</span> <span class='ocrx_word' id='word_1_278' title='bbox 1375 2368 1393 2391; x_wconf 93' lang='lat' dir='ltr'>a</span> <span class='ocrx_word' id='word_1_279' title='bbox 1420 2359 1485 2392; x_wconf 84' lang='lat' dir='ltr'>hoc</span> <span class='ocrx_word' id='word_1_280' title='bbox 1513 2367 1578 2399; x_wconf 83' lang='lat' dir='ltr'>ge-</span> 
     </span>
     <span class='ocr_line' id='line_1_36' title="bbox 40 2404 1578 2451; baseline 0.012 -18"><span class='ocrx_word' id='word_1_281' title='bbox 40 2411 123 2434; x_wconf 87' lang='lat' dir='ltr'>nere</span> <span class='ocrx_word' id='word_1_282' title='bbox 163 2404 265 2444; x_wconf 83' lang='lat' dir='ltr'>longe</span> <span class='ocrx_word' id='word_1_283' title='bbox 304 2405 432 2440; x_wconf 81' lang='lat' dir='ltr'>differt.</span> <span class='ocrx_word' id='word_1_284' title='bbox 493 2407 639 2441; x_wconf 86' lang='lat' dir='ltr'>Habitus</span> <span class='ocrx_word' id='word_1_285' title='bbox 666 2411 841 2451; x_wconf 86' lang='lat' dir='ltr'>quandam</span> <span class='ocrx_word' id='word_1_286' title='bbox 869 2414 1135 2447; x_wconf 82' lang='lat' dir='ltr'>similitudinem</span> <span class='ocrx_word' id='word_1_287' title='bbox 1162 2424 1242 2449; x_wconf 88' lang='lat' dir='ltr'>cum</span> <span class='ocrx_word' id='word_1_288' title='bbox 1270 2417 1371 2450; x_wconf 89' lang='lat' dir='ltr'>Ginn.</span> <span class='ocrx_word' id='word_1_289' title='bbox 1420 2416 1578 2450; x_wconf 82' lang='lat' dir='ltr'>Salicor-</span> 
     </span>
     <span class='ocr_line' id='line_1_37' title="bbox 39 2461 967 2510; baseline 0.013 -18"><span class='ocrx_word' id='word_1_290' title='bbox 39 2461 175 2494; x_wconf 84' lang='lat' dir='ltr'>nioides</span> <span class='ocrx_word' id='word_1_291' title='bbox 202 2462 301 2496; x_wconf 79' lang='lat' dir='ltr'>Kiitz.</span> <span class='ocrx_word' id='word_1_292' title='bbox 327 2464 442 2508; x_wconf 69' lang='lat' dir='ltr'>x-ide0,</span> <span class='ocrx_word' id='word_1_293' title='bbox 469 2466 533 2498; x_wconf 84' lang='lat' dir='ltr'>scd</span> <span class='ocrx_word' id='word_1_294' title='bbox 557 2468 734 2500; x_wconf 87' lang='lat' dir='ltr'>structura</span> <span class='ocrx_word' id='word_1_295' title='bbox 760 2469 862 2510; x_wconf 85' lang='lat' dir='ltr'>longe</span> <span class='ocrx_word' id='word_1_296' title='bbox 889 2471 967 2504; x_wconf 87' lang='lat' dir='ltr'>alia.</span> 
     </span>
    </p>
   </div>
   <div class='ocr_carea' id='block_1_8' title="bbox 218 2578 1376 2636">
    <p class='ocr_par' dir='ltr' id='par_1_9' title="bbox 218 2578 1376 2636">
     <span class='ocr_line' id='line_1_38' title="bbox 218 2578 1376 2636; baseline 0.013 -23"><span class='ocrx_word' id='word_1_297' title='bbox 218 2578 258 2613; x_wconf 85' lang='lat' dir='ltr'>li.</span> <span class='ocrx_word' id='word_1_298' title='bbox 290 2581 490 2617; x_wconf 66' lang='lat' dir='ltr'>Acaeritrs</span> <span class='ocrx_word' id='word_1_299' title='bbox 518 2578 667 2629; x_wconf 80' lang='lat' dir='ltr'>fronde</span> <span class='ocrx_word' id='word_1_300' title='bbox 697 2581 943 2633; x_wconf 72' lang='lat' dir='ltr'>(Ilcleotoma,</span> <span class='ocrx_word' id='word_1_301' title='bbox 976 2586 1376 2636; x_wconf 75' lang='lat' dir='ltr'>compresso-plana</span> 
     </span>
    </p>
   </div>
   <div class='ocr_carea' id='block_1_9' title="bbox 39 2647 1573 2786">
    <p class='ocr_par' dir='ltr' id='par_1_10' title="bbox 39 2647 1573 2786">
     <span class='ocr_line' id='line_1_39' title="bbox 39 2647 1573 2713; baseline 0.011 -25"><span class='ocrx_word' id='word_1_302' title='bbox 39 2647 74 2689; x_wconf 74' lang='lat'>2.</span> <span class='ocrx_word' id='word_1_303' title='bbox 105 2655 184 2691; x_wconf 73' lang='lat' dir='ltr'>Acii.</span> <span class='ocrx_word' id='word_1_304' title='bbox 216 2663 404 2694; x_wconf 65' lang='lat' dir='ltr'>ausrimtis</span> <span class='ocrx_word' id='word_1_305' title='bbox 437 2653 498 2707; x_wconf 84' lang='lat' dir='ltr'>[J.</span> <span class='ocrx_word' id='word_1_306' title='bbox 529 2659 594 2706; x_wconf 75' lang='lat' dir='ltr'>Ay.</span> <span class='ocrx_word' id='word_1_307' title='bbox 627 2661 709 2697; x_wconf 84' lang='lat' dir='ltr'>Act.</span> <span class='ocrx_word' id='word_1_308' title='bbox 743 2660 864 2699; x_wconf 84' lang='lat' dir='ltr'>Helm.</span> <span class='ocrx_word' id='word_1_309' title='bbox 897 2655 1054 2710; x_wconf 68' lang='lat' dir='ltr'>O&#39;fcers.</span> <span class='ocrx_word' id='word_1_310' title='bbox 1102 2664 1202 2702; x_wconf 64' lang='lat'>4849</span> <span class='ocrx_word' id='word_1_311' title='bbox 1240 2677 1279 2713; x_wconf 80' lang='lat' dir='ltr'>p.</span> <span class='ocrx_word' id='word_1_312' title='bbox 1323 2666 1395 2713; x_wconf 82' lang='lat'>87)</span> <span class='ocrx_word' id='word_1_313' title='bbox 1437 2666 1573 2705; x_wconf 88' lang='lat' dir='ltr'>fronde</span> 
     </span>
     <span class='ocr_line' id='line_1_40' title="bbox 146 2720 1572 2786; baseline 0.012 -29"><span class='ocrx_word' id='word_1_314' title='bbox 146 2720 365 2760; x_wconf 84' lang='lat' dir='ltr'>dicliotoma</span> <span class='ocrx_word' id='word_1_315' title='bbox 413 2728 450 2760; x_wconf 89' lang='lat' dir='ltr'>et</span> <span class='ocrx_word' id='word_1_316' title='bbox 493 2725 833 2772; x_wconf 84' lang='lat' dir='ltr'>profitieationibus</span> <span class='ocrx_word' id='word_1_317' title='bbox 879 2739 1040 2782; x_wconf 84' lang='lat' dir='ltr'>ramosa,</span> <span class='ocrx_word' id='word_1_318' title='bbox 1071 2735 1450 2786; x_wconf 81' lang='lat' dir='ltr'>compresso-plana,</span> <span class='ocrx_word' id='word_1_319' title='bbox 1481 2747 1572 2783; x_wconf 77' lang='lat' dir='ltr'>seg-</span> 
     </span>
    </p>
   </div>
   <div class='ocr_carea' id='block_1_10' title="bbox 147 2789 1441 2899">
    <p class='ocr_par' dir='ltr' id='par_1_11' title="bbox 147 2789 1441 2899">
     <span class='ocr_line' id='line_1_41' title="bbox 147 2789 534 2831; baseline 0.01 -5"><span class='ocrx_word' id='word_1_320' title='bbox 147 2790 285 2828; x_wconf 89' lang='lat' dir='ltr'>mentis</span> <span class='ocrx_word' id='word_1_321' title='bbox 316 2789 534 2831; x_wconf 83' lang='lat' dir='ltr'>linearibus.</span> 
     </span>
     <span class='ocr_line' id='line_1_42' title="bbox 1402 2867 1441 2899; baseline -0.026 0"><span class='ocrx_word' id='word_1_322' title='bbox 1402 2867 1441 2899; x_wconf 69' lang='lat'>43</span> 
     </span>
    </p>
   </div>
  </div>
 </body>
</html>
