1907 3004
63 104 312 147 ceramium.
728 101 936 142 Cannutium.
1505 103 1523 140 1
1538 104 1561 142 2
1571 105 1595 140 9

173 233 259 271 llab.
292 233 328 269 in
360 237 510 271 oceano
542 232 719 269 atlantico
750 231 793 268 ad
827 232 949 269 littora
984 233 1181 280 Europum!
1220 237 1257 268 et
1298 232 1513 281 Aulericae13
1561 232 1596 268 in

59 301 145 337 sinu
177 299 351 337 codano!
384 302 534 336 Oceano
565 299 743 347 pacilieol

153 376 262 409 Radix
289 378 438 408 scutata.
489 374 643 407 frondes
670 376 884 417 caespitosae,
912 375 1098 416 aliquando
1127 384 1238 416 usqne
1265 374 1416 418 pedales,
1441 375 1598 416 plerum-

58 443 128 476 que
166 434 273 466 multo
312 434 482 475 minores,
519 434 630 464 setam
670 433 832 464 crassitie
873 435 1055 473 {Pqtlatltes
1095 435 1154 464 aut
1191 435 1417 474 superantes,
1459 441 1597 464 sursum

59 494 261 532 attenuatae,
299 490 378 532 plus
416 492 531 522 minus
571 490 777 529 regulariter
816 489 1027 521 dichotomae
1065 494 1100 522 et
1138 489 1335 531 sastigiatae,
1369 490 1596 522 ramiticatio—

59 558 102 581 ne
129 557 220 581 nunc
248 547 292 580 ob
319 556 435 580 ramos
462 547 647 588 prolileros
687 547 950 587 subirregulari.
1011 547 1133 579 Axillae
1172 549 1345 588 patentes.
1407 546 1595 586 Segmenta

58 607 254 638 terminalia
293 614 385 638 nunc
423 606 549 637 eximie
587 604 757 645 sorcipata
803 606 964 646 incurva,
1015 612 1107 635 nunc
1154 603 1323 645 sorcipata
1361 605 1597 637 erectiuscula

56 666 93 696 et
130 665 296 706 patentia,
330 671 421 695 nunc
456 664 563 695 altero
602 671 698 695 ramo
738 663 884 702 longiori
926 671 1047 702 parurn
1092 661 1257 693 distincte
1284 662 1466 706 soi-cipata,
1494 665 1595 704 apice

56 730 222 763 supremo
262 723 339 763 plus
378 722 493 753 minus
531 722 689 753 incurvo.
750 720 896 752 Articuli
939 719 1148 751 decurrente
1187 721 1297 751 strato
1330 721 1486 752 corticali
1515 721 1594 762 plus

57 780 171 811 minus
209 779 317 811 dense
354 779 509 820 obducti,
543 787 606 819 per
640 778 705 809 hoc
732 779 882 809 stratum
908 777 1169 808 translucentes
1195 776 1362 817 sptiaerioi
1392 781 1451 811 aut
1477 780 1594 811 ovales

52 839 331 878 conspiciuntur,
359 836 528 868 diametro
554 835 704 876 2-3plo
733 835 921 875 longiores,
951 835 1055 865 immo
1088 834 1274 875 aliquando
1302 834 1489 874 longiores.
1528 836 1595 867 Fa-

52 895 152 926 vellae.
178 896 237 925 aut
263 893 349 933 ipsis
377 893 568 932 segmentis
595 892 745 931 adnatae,
773 893 832 923 aut
859 891 1058 931 saepissime
1088 891 1120 922 in
1149 891 1292 922 ramulis
1315 891 1594 931 prolificantibus

50 951 212 992 evolutae,
239 950 386 989 singula}
414 952 473 981 aut
498 950 658 990 geminae,
687 949 839 980 ramellis
866 949 1021 980 incurvis
1050 948 1151 990 345,
1179 948 1344 981 nucleum
1369 950 1594 990 aequantibus

52 1011 110 1041 aut
140 1008 400 1050 superantibus,
433 1007 674 1039 involucratae.
733 1007 999 1048 Spliaerosp01·ae
1039 1009 1150 1039 strato
1184 1007 1343 1039 corticali
1370 1008 1465 1040 circa
1494 1008 1595 1046 geni-

52 1066 128 1098 cula
156 1068 341 1107 immersae,
368 1066 460 1097 serie
487 1065 710 1097 transversali
744 1065 896 1105 simplici
926 1067 985 1096 aut
1011 1064 1141 1106 duplici
1169 1066 1370 1107 (praecipue
1396 1067 1431 1097 in
1452 1062 1590 1101 vano.)

51 1126 246 1167 dispositae,
287 1131 378 1155 nunc
417 1123 539 1155 ordine
576 1124 634 1155 vix
672 1124 867 1163 conspicuo
908 1124 960 1158 (in
1002 1124 1108 1154 ramis
1146 1122 1339 1164 majoribus
1378 1131 1447 1155 var.
1482 1119 1533 1162 ὁ.)
1560 1125 1594 1156 in

51 1183 178 1214 vicinia
204 1181 445 1222 geniculorum
474 1183 686 1221 aggregatae.
736 1181 876 1213 Chartae
903 1181 982 1222 plus
1010 1181 1125 1212 minus
1151 1180 1320 1213 adhaeret.
1379 1180 1482 1213 Color
1507 1189 1593 1213 coc—

51 1242 184 1283 cineus,
211 1248 421 1282 purpureus,
449 1238 563 1271 fulvus
591 1240 642 1271 vel
672 1240 983 1272 luteo-virescens.

145 1296 339 1329 Varietates
365 1297 581 1338 principales
608 1306 714 1339 supra
742 1306 949 1330 enumerare
977 1297 1118 1329 molitus
1144 1305 1233 1338 sum,
1261 1295 1495 1339 characteres,
1511 1298 1592 1338 qui-

52 1358 118 1390 bus
156 1358 336 1398 praecipue
374 1355 644 1398 distinguantur,
684 1357 875 1397 unicuique
916 1355 1085 1387 tribuens.
1143 1354 1262 1387 Plures
1288 1355 1429 1396 species
1456 1363 1499 1386 an
1525 1353 1592 1387 hoc

52 1416 130 1447 loco
169 1413 438 1454 confundantur,
477 1412 669 1454 dijudicare
702 1414 814 1455 nolui,
848 1413 930 1445 mihi
964 1421 1045 1445 vero
1073 1414 1164 1445 inter
1193 1412 1336 1445 easdem
1366 1413 1590 1446 characteres

51 1476 169 1506 certos
197 1474 231 1504 et
257 1473 460 1504 constantes
498 1472 658 1504 invenire
698 1472 790 1505 haud
818 1473 977 1512 contigit.
1027 1471 1154 1504 Habitu
1181 1473 1332 1503 maxime
1359 1470 1496 1502 abludit
1522 1478 1594 1502 var.

52 1529 84 1562 ὁ.
113 1530 187 1563 Var.
216 1541 261 1572 rc.,
288 1538 391 1571 quam
425 1537 493 1561 non
520 1530 653 1571 quippe
690 1531 854 1572 typicam,
892 1530 955 1562 sed
993 1531 1075 1571 quia
1113 1531 1240 1561 seriem
1268 1530 1475 1561 varietatum
1502 1536 1593 1570 quo-

52 1587 238 1622 dammodo
265 1587 500 1628 inchoantem,
527 1588 676 1629 primam
703 1588 915 1629 enumeravi,
943 1588 1044 1628 quasi
1076 1587 1260 1619 transitum
1289 1586 1331 1618 ad
1345 1586 1421 1618 Cer.
1445 1584 1594 1625 diapha·

52 1656 134 1679 num
161 1644 280 1677 efficit.
331 1644 455 1677 Verum
481 1647 597 1677 autem
624 1644 699 1678 Cer.
729 1645 940 1686 diaphanum
969 1646 1078 1677 strato
1107 1644 1264 1676 corticali
1293 1651 1362 1675 non
1389 1642 1592 1675 decurrenti

51 1705 282 1746 dignoscitur.

57 1808 116 1845 43.
148 1810 228 1845 CER.
261 1816 465 1845 oasotsswu
495 1802 589 1856 [Ay.
620 1817 677 1854 sp.
711 1807 760 1843 ΙΙ.
789 1818 826 1854 p.
872 1807 966 1851 145)
1007 1806 1144 1843 fronde
1184 1808 1332 1842 setucoa
1371 1803 1591 1840 dichotoma

162 1875 416 1922 subsastigiata
468 1874 699 1922 ramulisque
753 1874 958 1911 introrsum
1013 1870 1230 1909 secundatis
1280 1871 1399 1907 dense
1445 1869 1592 1906 seriatis

164 1942 357 1991 prolilera,
388 1941 594 1988 segmentis
624 1941 853 1990 patentibus,
897 1939 1242 1989 prolilicntionibus
1282 1938 1460 1985 utrinque
1491 1939 1593 1973 atte-

164 2008 287 2045 nualis
331 2007 565 2045 secundatim
613 2007 852 2056 compositis,
896 2007 1065 2044 articulis
1112 2005 1359 2043 inferioribus
1403 2005 1592 2042 diametro

161 2075 369 2124 aequalibus
406 2074 525 2112 dense
567 2075 771 2124 corticatis,
813 2075 1085 2123 spliaerosporis
1124 2074 1222 2110 circa
1255 2073 1436 2110 articulos
1468 2070 1593 2120 proli-

162 2142 381 2180 ficationum
412 2141 654 2193 veruculatis,
686 2142 853 2179 ramellis
884 2141 1069 2178 involucri
1102 2140 1209 2178 5-—6
1242 2140 1393 2177 lavellus
1436 2138 1592 2175 demum

163 2209 443 2258 superantibus.

147 2285 224 2318 Cer.
250 2285 449 2317 obsoletum
474 2283 533 2327 Ay.
559 2285 581 2317 l.
608 2295 639 2317 c.
665 2283 775 2317 Monl.
804 2283 928 2318 Bonita
952 2294 988 2327 p.
1015 2285 1070 2317 55.
1097 2283 1200 2316 Istitz.
1226 2292 1277 2325 sp.
1298 2292 1334 2324 p.
1361 2281 1444 2313 687!

147 2342 223 2374 Cer.
251 2341 395 2373 rubrum
421 2350 492 2373 var.
518 2343 656 2375 firmum
680 2342 738 2385 Ay.
765 2351 815 2385 sp.
838 2352 873 2385 p.
902 2342 965 2375 1¹49
993 2343 1127 2385 (quoad
1153 2350 1207 2383 sp.
1234 2339 1435 2381 capensiat)

149 2400 307 2432 Gaillona
333 2398 522 2432 Lehmanni
548 2398 635 2432 Rud.

147 2458 281 2490 Ceram.
309 2456 494 2498 pediculus
518 2454 624 2488 Salar.

167 2528 255 2565 llab.
296 2528 332 2563 in
379 2527 470 2563 mari
503 2526 661 2574 Capensi
701 2526 782 2563 aliis
819 2527 916 2574 Algis
955 2527 1077 2563 innata
1111 2525 1182 2571 (De
1214 2525 1246 2562 la
1276 2523 1417 2562 Lande!
1449 2523 1592 2570 Puppe!

56 2598 171 2644 ete),
202 2595 241 2632 in
273 2604 419 2631 oceano
450 2593 581 2630 Indico
613 2593 659 2629 ad
693 2593 832 2629 insulas
863 2592 1093 2640 Pliilippinas
1124 2590 1163 2637 C?
1180 2589 1243 2628 [15.
1277 2588 1453 2632 Binderl)

149 2671 257 2703 Frons
295 2668 533 2710 semipedalis,
572 2668 732 2700 crassitie
771 2666 842 2699 sere
880 2675 1006 2708 pennae
1043 2666 1251 2708 passerinae,
1289 2673 1429 2697 sursum
1462 2665 1592 2697 sensim

58 2730 249 2771 attenuata,
281 2728 446 2770 patenter
483 2725 963 2767 decomposito-dichotoma‚
998 2725 1190 2765 segmentis
1224 2722 1467 2755 terminalibus
1505 2722 1592 2755 sub-

59 2786 261 2819 secundatis
287 2785 463 2826 fastigiata
490 2787 525 2817 et
549 2785 756 2826 plerumque
783 2791 888 2816 secus
915 2783 1022 2815 totam
1049 2781 1304 2822 longitudinem
1327 2780 1494 2812 interiore
1508 2788 1592 2820 seg-

57 2844 252 2875 mentorum
278 2842 387 2876 latere
412 2842 588 2885 prolisera,
615 2840 930 2882 prolificationihns
962 2839 1039 2873 basi
1065 2841 1255 2872 attenuat-is
1286 2837 1507 2879 simplicibus
1533 2840 1593 2869 aut

1000 2892 1007 2900 '
1441 2898 1460 2927 ⁴.)
