1907 3004
86 80 416 124 Cullitkamuion.
748 84 846 124 Cium
854 95 957 122 mere.
1557 87 1583 124 2
1591 86 1617 124 3

86 220 208 244 revera
244 210 411 252 plumulis
439 212 570 253 carent,
612 213 648 242 at
683 211 760 254 alia,
788 220 832 243 ex
858 211 981 244 eodem
1009 211 1103 244 sonte
1128 213 1383 254 provenientia,
1411 212 1536 244 iisdem
1565 214 1619 244 in-

85 272 220 302 structa
251 270 344 301 sunt.
400 266 482 299 Hmc
514 268 547 299 in
575 267 737 300 omnibus
765 277 843 301 cum
870 269 987 310 planta
1015 269 1226 312 llarveyana,
1254 272 1421 311 quantum
1448 280 1491 302 ex
1518 272 1619 303 icone

86 327 164 359 «lata
196 327 355 369 judicare
392 325 506 367 liceat,
545 328 768 369 conveniunt,
804 330 952 369 excepta
980 330 1113 361 tantum
1140 328 1248 360 sorrna
1277 328 1453 371 plumulae,
1480 338 1558 370 quae
1586 331 1618 362 in

85 385 215 416 nostris
242 383 475 426 triangularis,
504 385 535 416 in
564 384 764 426 llarveyana
791 386 943 418 lineariS.
993 386 1090 419 Anne
1115 386 1280 427 plumulae
1309 388 1340 419 in
1358 386 1502 427 juvenili
1517 388 1618 429 plan-

85 445 118 473 ta
145 442 306 484 lineares,
339 442 374 472 in
407 441 569 474 adultiori
610 443 852 487 triangulares,
891 445 925 477 in
951 445 1052 477 senili
1079 445 1286 477 deficientes
1311 444 1406 477 sint?
1433 444 1618 486 Specimen

85 498 260 538 anglicum
285 499 417 532 nullum
443 500 486 532 ad
513 509 636 533 manus
662 501 786 533 habeo.

89 567 149 607 46.
180 571 217 608 C.
247 571 401 606 'reusam
435 571 572 614 (Merc.
604 573 744 616 mser.)
779 572 841 609 filo
873 572 1056 620 primario
1098 578 1255 623 repente
1299 574 1505 624 radicante,
1551 586 1618 611 se-

194 635 385 673 cundariis
417 638 552 674 erectis
583 638 759 686 opposite
797 639 974 688 pinnatis,
1013 641 1179 688 pinnulis
1209 642 1515 690 siniplieiusculis
1547 654 1618 690 pa-

195 704 374 753 tentibus,
417 705 584 742 articulis
626 704 796 753 4—8plo
834 705 1022 743 diametro
1062 707 1313 757 longioribus,
1344 709 1618 757 spliaerosporis

196 770 380 809 interiore
418 773 534 808 latere
572 771 814 818 pinnularum
851 772 1046 810 sessilibus
1075 775 1286 821 aggregatis
1317 774 1604 812 subaxillaribus

196 838 337 875 [avellis
367 837 404 874 in
437 837 583 874 ramulo
617 838 879 876 terminalibus
910 839 1081 888 pluribus
1112 840 1367 878 involucratis.

83 914 171 941 var.
201 918 239 942 α.
274 904 449 941 Turnerz'
480 904 551 940 filis
582 904 817 942 secundariis
848 906 999 955 strictis,
1032 907 1158 955 pinnis
1190 906 1420 956 patentibus,
1451 907 1617 944 articulis

193 970 409 1019 praelongis,
435 963 710 1018 sphaerosporis
740 982 851 1020 supra
883 972 1031 1010 axillam
1062 973 1288 1024 aggregatis,
1319 974 1474 1023 pinnula
1497 985 1617 1022 supe-

195 1037 287 1074 riori
320 1037 452 1085 sterili,
486 1038 627 1075 favellis
660 1038 914 1077 involucratis.

174 1103 370 1136 Ceramium
396 1102 539 1136 Turneri
566 1103 668 1137 Mert.
695 1105 733 1137 in
757 1104 857 1139 Roth.
885 1105 959 1139 Cat.
985 1105 1053 1139 III.
1074 1116 1111 1150 p.
1139 1107 1204 1139 1¹27
1229 1105 1299 1140 tab.
1326 1107 1364 1139 5!
1390 1105 1449 1149 Ay.
1473 1105 1564 1149 Syst.
1581 1117 1617 1150 p.

87 1158 158 1192 142.
186 1158 289 1193 Grev.
316 1159 436 1204 Crypc.
462 1160 512 1194 Fl.
539 1161 608 1194 tab.
636 1163 718 1196 355!

173 1217 343 1252 Conserva
370 1218 514 1253 Turneri
539 1219 653 1254 Dillio.
680 1221 749 1255 lab.
778 1223 859 1256 l100!
886 1221 983 1266 Enql.
1011 1221 1289 1257 Boc.tab.⁶2339.
1306 1224 1390 1264 (nec
1406 1224 1475 1256 tab.
1494 1225 1615 1265 4637).

173 1276 390 1310 Callithamn.
417 1277 560 1311 Turneri
586 1278 644 1322 Ay.
671 1289 722 1323 sp.
750 1280 819 1324 Alq.
841 1291 878 1324 p.
906 1281 987 1314 460!
1018 1280 1287 1326 Ila1·v.man.p.
1305 1281 1532 1325 444ec1’hyc.
1549 1282 1616 1316 lab.

85 1335 163 1368 ⁴79!
189 1334 222 1367 J.
247 1334 307 1378 Ay.
332 1334 404 1379 Alq.
429 1336 518 1369 med.
540 1347 574 1380 p.
603 1338 656 1371 70.
684 1337 785 1372 Iszth.
813 1349 860 1382 sp.
882 1349 917 1383 p.
945 1339 1029 1374 649!

176 1392 258 1425 Call.
285 1392 600 1427 subverticillatum
628 1394 785 1430 Zanard.

175 1453 256 1485 Exs.
290 1449 400 1493 Wyatc
424 1450 553 1485 Danm.
579 1452 645 1488 Ν.·ο
673 1455 754 1488 483!

1613 806 1620 825 7

197 1553 370 1594 oppositis
397 1548 561 1582 brevibus
588 1546 730 1584 (abortu
757 1555 835 1578 raro
861 1546 1043 1586 secundis)
1071 1546 1173 1588 triplo
1200 1546 1438 1588 tenuioribus,
1460 1548 1616 1580 articulis

199 1610 401 1652 cylindricis
429 1608 600 1640 diametro
625 1605 775 1645 2—-41sso
802 1604 1032 1647 longioribus,
1059 1606 1236 1645 supremis
1262 1604 1470 1646 aequalibus.

196 1667 463 1700 Callithamnion
490 1663 738 1706 leptocladum.
768 1660 876 1694 Mont.
902 1661 924 1694 l.
952 1672 982 1694 c.
1009 1663 1042 1694 et
1075 1659 1153 1704 Voy.
1181 1661 1253 1695 Pol.
1277 1660 1361 1695 Sud.
1383 1672 1418 1705 p.
1435 1664 1487 1695 91.
1516 1662 1615 1696 li‘acz.

80 1737 131 1772 sp.
151 1737 187 1770 p.
213 1726 291 1759 642.

194 1784 279 1816 Hab.
308 1782 351 1815 ad
377 1780 650 1822 Rhodymeniam
682 1778 886 1810 Palmettam
922 1777 957 1810 in
992 1777 1082 1810 freto
1117 1777 1346 1817 Magellanico
1381 1780 1519 1821 lectam,
1547 1778 1616 1810 [Ie-

80 1843 329 1884 terosiphoniae
356 1840 555 1873 consortem
582 1838 714 1869 invenit
737 1836 935 1876 Montagne.

194 1900 303 1932 Filum
329 1897 534 1940 primarium
561 1897 714 1938 reptans,
730 1895 836 1927 variae
857 1894 1097 1936 longitudinis,
1112 1892 1350 1935 utplurimum
1366 1893 1614 1936 bi-trilineare,

82 1956 162 2003 'sioo
202 1958 335 1990 millim.
374 1963 545 1996 crassum,
582 1954 746 1995 utrinque
786 1954 950 1985 emittens
989 1961 1105 1984 ramos
1139 1952 1322 1992 oppositos
1350 1950 1615 1984 decumbentes.

79 2017 175 2049 Rami
201 2015 266 2048 sub
293 2015 393 2056 apice
420 2013 475 2045 vel
501 2022 546 2046 ex
572 2013 649 2054 ipso
677 2012 777 2052 apice
804 2011 1030 2043 articulorum
1059 2011 1242 2053 exeuntes,
1272 2010 1369 2042 alteri
1397 2010 1455 2042 filo
1483 2011 1616 2051 prima-

82 2075 131 2106 rio
157 2072 357 2106 conformes
383 2073 418 2103 et
444 2079 523 2103 eum
550 2069 785 2102 crassitudine
812 2068 883 2100 sere
913 2070 1096 2110 aequantes
1123 2068 1223 2100 alteri
1237 2067 1448 2110 brevissimi,
1465 2077 1508 2100 ex
1523 2067 1615 2100 binis

81 2132 233 2164 ternisve
273 2129 429 2163 articulis
467 2129 685 2170 constantes,
723 2127 766 2159 ad
804 2127 942 2168 apicem
968 2125 1106 2158 scutulo
1135 2125 1487 2168 dentato-fimbriato,
1515 2125 1615 2166 cujus

81 2197 147 2230 ope
173 2187 286 2220 frondi
310 2186 479 2218 Florideae
504 2185 719 2227 supradictas
746 2184 904 2226 inhaeret,
930 2183 1118 2215 terminati.
1168 2182 1231 2215 Hic
1257 2183 1400 2215 ultimus
1429 2182 1615 2215 adversum

82 2244 188 2277 habet
218 2252 357 2285 semper
390 2243 561 2275 ramulum
588 2243 666 2285 illis,
692 2243 751 2284 qui
777 2250 893 2274 ramos
920 2243 1056 2284 ornant,
1083 2241 1200 2282 quoad
1227 2241 1431 2273 tenuitatem
1458 2241 1615 2280 longitu—

82 2302 280 2343 dinemque,
319 2300 544 2332 simillimum.
602 2300 699 2332 Rami
726 2301 745 2331 2
772 2300 815 2332 ad
840 2300 859 2331 3
885 2299 1017 2331 millim.
1056 2299 1161 2342 longi,
1200 2298 1281 2341 ⁰102,
1320 2297 1450 2329 milllm.
1491 2298 1614 2339 crassi,

81 2358 234 2400 pinnulis
260 2358 432 2399 oppositis
458 2358 633 2389 instructi.
681 2356 836 2390 Pinnulae
855 2362 890 2390 s.
917 2358 1040 2390 ramuli
1066 2357 1176 2389 ultimi
1199 2356 1614 2398 ordiniS,subsimplioeS,

81 2417 266 2458 oppositae,
293 2423 370 2447 raro
397 2415 522 2447 iterum
546 2414 700 2456 pinnulis
720 2415 886 2447 secundis
912 2417 1060 2457 onustae,
1087 2415 1270 2456 distantes,
1291 2410 1328 2456 ¹sa
1346 2414 1476 2446 millim.
1500 2414 1614 2454 longae

84 2469 143 2516 Ἀ.)
168 2473 304 2505 millim.
332 2480 474 2516 crassae,
500 2480 543 2504 ex
570 2473 668 2513 apice
695 2472 831 2504 articuli
858 2474 956 2514 ortae,
982 2471 1164 2504 inferiores
1190 2474 1353 2513 patentes
1381 2474 1433 2505 vel
1459 2475 1615 2515 patenti-

81 2532 220 2574 erectae,
258 2532 458 2572 superiores
497 2529 690 2572 densiores,
741 2530 907 2572 incurvae,
946 2529 1143 2570 fastigiatae.
1203 2531 1347 2562 Articuli
1380 2530 1426 2563 fili
1460 2532 1614 2573 repentis

82 2587 251 2621 diametro
289 2587 361 2620 sere
399 2587 604 2629 quadruplo,
645 2595 820 2618 ramorum
854 2587 958 2628 duplo
993 2589 1129 2620 tautum
1154 2587 1342 2630 longiores,
1369 2598 1613 2630 supremorum

82 2646 205 2679 eodem
241 2646 407 2688 aequales,
442 2646 568 2677 eximie
610 2646 645 2676 et
681 2644 811 2686 ubique
848 2645 1040 2687 cylindrici.
1103 2645 1306 2679 Substantia
1343 2645 1612 2678 membranacea

82 2705 280 2736 tenerrima.
330 2703 466 2737 Chartae
493 2705 652 2745 vitroque
678 2702 846 2736 adbaeret.

84 2772 158 2804 lssa.
191 2771 227 2804 C.
252 2772 510 2806 Lamounouxu
535 2770 646 2813 (Dub.
673 2770 750 2805 Boc.
779 2769 975 2815 Gall.II.p.
991 2773 1088 2813 970).
1105 2770 1270 2805 ”amoene
1286 2782 1425 2806 roseum
1441 2775 1611 2806 minutum

200 2830 299 2863 valde
326 2832 542 2873 cespitosum
569 2830 834 2870 rigidius-culum
867 2830 1096 2864 substrictam
1120 2839 1309 2873 ramosum,
1335 2832 1440 2864 ramis
1466 2832 1611 2872 elonga-
