1907 3004
292 69 317 109 2
326 71 385 110 72
933 62 1180 105 GicAanNEffi.
1588 62 1824 121 quartz'na.

291 199 434 231 dorsum
460 196 682 238 occupantia,
709 196 742 227 in
769 195 916 236 singulis
944 197 1136 236 segmentis
1162 196 1261 238 plura
1288 195 1698 237 umbilicato—depressa.
1724 197 1826 230 Color

291 266 333 289 ex
360 254 591 295 amethystino
618 253 756 285 lividus.
807 252 1010 286 Substantia
1035 255 1230 294 gelatinosa
1257 255 1563 295 subcortilaginca.

384 313 518 345 Fronde
557 310 730 354 profunde
771 312 1004 344 canaliculata
1042 312 1249 352 regulariter
1287 313 1499 356 ‹lichotoma,
1535 312 1696 355 apicibus
1723 322 1825 346 revo-

290 371 389 411 lutis,
430 371 661 412 cystocarpiis
700 371 732 403 in
772 379 840 403 una
879 371 1007 412 pagina
1044 370 1241 414 sessilibus,
1272 371 1314 403 ab
1355 371 1518 404 omnibus
1557 371 1658 404 facile
1699 373 1827 406 distin-

291 431 417 469 guitur.

296 569 356 607 45.
388 571 426 607 G.
459 578 744 607 axcisruoctaoa
778 570 921 615 [Mont.
951 569 1091 607 Prodr.
1123 569 1234 618 Pliyc.
1268 574 1350 608 ant.
1386 582 1424 618 p.
1474 571 1515 617 6)
1560 570 1696 608 fronde
1741 569 1828 606 hinc

403 648 569 675 convexa
615 637 718 674 illinc
763 638 1007 676 canaliculata
1055 638 1187 676 lineari
1234 638 1495 687 irregulariter
1538 639 1829 688 lii—tripinuata,

401 705 569 755 pinnulis
613 705 768 744 alternis
814 706 1000 755 oppositis
1039 706 1095 745 vel
1128 709 1166 744 et
1196 706 1422 744 saseiculatis
1453 705 1828 744 uncinum-incurvis

354 778 365 789 “
402 773 626 811 recurvisve.

385 849 563 890 Gigartina
601 851 859 884 ancistroclada
897 850 1008 886 Mont.
1048 852 1069 886 l.
1108 863 1138 886 c.
1181 851 1260 896 l''0y.
1289 861 1335 886 au
1364 852 1434 886 Pol.
1460 851 1541 886 διαί.
1563 861 1599 895 p.
1631 853 1706 885 421.
1733 849 1782 884 Pl.
1809 851 1826 883 7

287 906 343 952 fiq.
371 908 409 941 4!
436 906 537 941 Isim.
563 917 613 952 sp.
637 918 673 952 p.
699 909 782 942 754!

403 979 489 1017 Hal).
522 979 561 1016 in
594 990 741 1017 oceano
773 981 923 1018 australi
956 982 1000 1019 ad
1034 982 1195 1020 insulam
1226 984 1367 1022 Akaroa
1400 982 1634 1030 (D'L‘iw‘ille).

384 1057 567 1091 ”Fulcrum
606 1059 716 1091 callus
756 1060 917 1099 exiguus.
979 1058 1135 1092 Frondes
1177 1064 1388 1103 aggregatffl,
1431 1060 1639 1103 biunciales,
1679 1068 1830 1092 corneo-

291 1116 539 1158 cartilagineae,
567 1117 701 1160 rigida‘,
729 1126 747 1149 e
774 1117 850 1149 basi
877 1117 1029 1149 filiformi
1058 1118 1218 1162 lineares,
1247 1128 1328 1151 mox
1356 1127 1584 1162 compressae,
1611 1119 1830 1152 semilineam

291 1176 381 1218 latae,
419 1175 543 1207 leviter
580 1175 833 1218 canaliculatae,
872 1177 918 1208 ita
954 1178 991 1207 ut
1016 1182 1238 1216 segmentum
1264 1177 1528 1209 horizontaliter
1553 1178 1709 1218 positum
1736 1178 1831 1209 reni-

291 1233 402 1265 sorme
442 1236 621 1277 appareat,
659 1236 741 1276 post
778 1234 998 1266 intervallum
1037 1220 1169 1267 lineare
1195 1235 1328 1267 nudum
1353 1236 1486 1276 pluries
1511 1236 1666 1277 pinnata?
1694 1237 1753 1267 aut
1778 1234 1832 1266 sa-

291 1292 649 1326 sciculato-ramosae.
705 1292 825 1325 Pinum
863 1293 1089 1335 pinnulaeque
1123 1294 1278 1336 alternae,
1307 1295 1494 1336 oppositae,
1522 1294 1627 1325 etiam
1653 1292 1831 1336 subvagae,

291 1351 397 1383 immo
424 1350 657 1383 l‘asciculatim
685 1353 876 1393 congestae,
903 1351 978 1384 basi
995 1352 1472 1395 attenuatze,ultimiordinis
1488 1353 1831 1385 uncinato-incurvae

291 1410 346 1442 vel
373 1418 541 1453 recurvae,
568 1410 831 1443 sublilil'ormes.
882 1409 1029 1443 Fructus
1057 1410 1291 1443 desideratur.
1342 1409 1543 1443 Structura:
1572 1410 1629 1442 fila
1655 1408 1830 1452 tubulosa,

291 1467 441 1511 hyalina,
474 1468 671 1510 articulata,
699 1468 845 1500 materie
873 1467 1030 1500 colorata
1057 1469 1168 1501 [arcta
1195 1469 1229 1501 in
1257 1468 1402 1501 cellulas
1430 1468 1471 1500 ad
1500 1469 1657 1509 speciem
1684 1467 1833 1510 polygo-

291 1536 354 1560 nas
393 1528 694 1561 anastoinosantia
732 1530 766 1559 ct
797 1526 1033 1568 periplieriam
1060 1536 1182 1560 versus
1210 1527 1243 1559 in
1270 1527 1337 1559 alia
1362 1527 1420 1559 fila
1444 1526 1675 1560 horizontalia
1700 1526 1833 1568 subry-

291 1584 440 1617 lindrica
478 1584 634 1618 breviter
660 1585 846 1617 articulata
873 1585 1084 1618 densissime
1110 1587 1240 1627 stipata
1267 1585 1444 1618 abeuntia.
1494 1584 1697 1618 Substantia
1724 1585 1851 1619 carti-.

290 1644 438 1687 laginea,
480 1647 576 1678 sicca
616 1653 757 1677 cornea.
819 1644 922 1676 Color
959 1644 1071 1677 caulis
1110 1644 1300 1687 olivaceus,
1325 1644 1510 1686 pinnarum
1537 1643 1832 1686 pinnularumque

292 1710 440 1735 amoene
466 1704 657 1737 violaceus.

384 1761 483 1794 Licet
507 1762 598 1795 hanc
624 1763 780 1804 speciem
807 1770 887 1794 cum
915 1761 953 1793 G.
979 1760 1122 1794 Alveata
1159 1770 1230 1795 non
1270 1762 1552 1804 comparaverint
1578 1764 1753 1805 auctores,
1779 1762 1834 1794 ta-

292 1828 372 1852 men
397 1819 480 1853 huic
506 1821 638 1863 speciei
665 1821 864 1863 proximam
891 1829 935 1853 ex
961 1821 1062 1853 icone
1090 1821 1196 1853 citata
1223 1820 1436 1854 concludere
1463 1820 1623 1854 audeam.

298 1958 374 1997 46?
405 1963 445 1997 G.
478 1968 735 1997 CANALICULATA
771 1959 912 2004 (Harl).
946 1957 1086 1996 Beeclz.
1129 1969 1167 2006 p.
1214 1957 1310 2005 490)
1356 1958 1492 1996 fronde
1536 1959 1623 1996 hinc
1667 1969 1832 1997 convexa

404 2025 508 2063 illinc
553 2027 797 2065 canaliculato
842 2027 976 2064 lineari
1023 2027 1172 2064 inferne
1219 2026 1460 2076 nudiuscula,
1505 2038 1617 2076 supra
1662 2027 1832 2065 medium

404 2094 636 2145 dicliotoma,
667 2094 876 2143 segmentis
912 2094 1097 2144 pinu-atim
1136 2093 1350 2145 rainulosis,
1381 2094 1535 2132 ramulis
1567 2093 1832 2132 aculeisornii-

404 2160 473 2198 bus
504 2161 727 2200 brevissime
760 2162 904 2200 conicis
935 2161 1159 2199 divaricatis.

386 2237 564 2278 Gigartina
592 2239 824 2272 canaliculata
850 2237 957 2271 Harv.
984 2238 1021 2272 in
1047 2237 1190 2271 Hoolrer
1216 2236 1293 2275 Boc.
1321 2235 1366 2281 of
1383 2236 1510 2273 Beeclz.
1545 2238 1621 2283 Voy.
1649 2241 1670 2274 l.
1698 2251 1728 2275 c.

386 2296 666 2339 Sphaerococcus
692 2297 925 2339 Lindleyanus
950 2296 983 2330 J.
1010 2295 1068 2340 Ay.
1093 2295 1209 2340 Symb.
1238 2299 1250 2329 4
1277 2307 1313 2341 p.
1343 2298 1396 2332 46.

387 2353 705 2389 Cliondroclonium
737 2356 1007 2389 canaliculaturn
1034 2354 1136 2389 Kritz.
1163 2364 1214 2399 sp.
1236 2365 1273 2400 p.
1301 2355 1381 2389 7411!

405 2426 493 2464 Hal).
526 2427 570 2464 ad
605 2439 691 2465 oras
721 2427 935 2465 Calisorniae
969 2427 1210 2488 (Douglasl).

386 2502 495 2537 Frons
535 2503 818 2546 lii-tripollicaris
845 2503 965 2536 abasi
1003 2505 1139 2537 scutata
1181 2512 1342 2546 surgens,
1381 2506 1441 2536 aut
1479 2503 1695 2538 decumbens
1721 2503 1832 2536 stolo-

296 2561 405 2594 nisera
444 2565 478 2595 et
512 2563 654 2596 frondes
693 2562 948 2595 erectiusculas
982 2563 1153 2604 pinnatirn
1188 2563 1372 2604 emittens,
1397 2563 1522 2594 lineam
1550 2562 1620 2594 sere
1646 2561 1724 2603 lata,
1752 2561 1830 2593 liinc

296 2621 569 2653 roiivexiuscula
609 2621 702 2654 illinc
744 2621 987 2663 canaliculata,
1014 2620 1148 2652 inferne
1186 2621 1462 2661 simpliciuscula
1504 2621 1562 2651 aut
1587 2620 1702 2660 pinnis
1728 2628 1831 2661 spar-

296 2677 445 2709 sis-simis
483 2679 772 2721 simpliciusculis
811 2681 943 2721 ornata,
982 2678 1086 2719 paulo
1121 2677 1208 2710 insra
1236 2680 1374 2719 apicem
1400 2677 1610 2719 dichotoma,
1637 2678 1830 2717 segmentis

296 2734 466 2773 pinnatiui
505 2737 630 2769 solutis
665 2738 698 2769 in
732 2737 874 2769 aculeos
902 2737 1131 2769 brevissimos
1159 2737 1249 2769 linea
1279 2736 1460 2769 breviores
1486 2738 1629 2768 conicos
1657 2736 1831 2768 divarica-

297 2792 363 2824 tos.
414 2792 516 2825 Color
543 2796 733 2829 exsiccatas
761 2804 779 2828 e
806 2803 983 2837 purpureo
1009 2796 1207 2838 nigricans,
1232 2795 1429 2829 substantia
1455 2794 1693 2834 cartilaginea.
1744 2792 1831 2824 Fru-

298 2850 375 2881 ctus
403 2858 470 2882 nou
498 2852 580 2884 vidi.
