1907 3004
241 100 334 142 310
885 88 1133 132 GlGARTINEAE.
1555 83 1781 144 Almfeltia.

239 238 357 273 Frons
389 235 726 267 carnoso-cornea
758 223 1014 274 teretiuscula,
1045 223 1261 262 dichotoma
1280 223 1569 262 etsecundatim
1586 225 1781 275 prolisera,

350 297 473 336 stratis
504 294 654 331 ‹luobus
689 292 915 330 cellularum
946 292 1169 342 constituta,
1203 291 1392 330 interiore
1426 291 1572 328 cellulis
1592 291 1782 329 densissi-

350 364 422 400 mis
453 361 652 410 angulatis,
683 361 721 397 in
751 359 810 397 axi
844 359 1356 410 longioribus,superficiem
1377 370 1506 396 versus
1525 359 1782 409 brevioribus,

351 430 545 468 exteriore
576 428 646 466 tilis
676 427 1003 464 monilisormibus
1036 427 1278 465 verticalibus
1304 438 1418 464 muco
1437 425 1692 463 solidescente
1710 437 1781 462 co-

350 497 476 537 hibitis
495 499 686 534 contexto.
732 494 897 532 Isale‘de'a
931 495 1057 533 frondi
1088 495 1266 532 immersa
1298 493 1626 543 snbprominentia
1646 494 1783 543 clausa,

350 565 591 615 disruptione
636 563 752 613 partis
799 563 933 601 fertilis
972 563 1127 600 demum
1168 562 1342 611 liberata3
1381 561 1595 608 genunidiis
1627 561 1783 598 minutis

352 632 598 684 paucioribus
645 632 742 669 intra
788 631 941 668 cellulas
987 634 1226 680 praegnantes
1272 630 1476 679 plurimas,
1522 629 1559 666 in
1605 631 1784 668 nucleum

353 701 610 751 compositum
642 700 917 748 coalescentes,
956 698 1181 736 constantia.
1249 697 1508 736 Nemathecz'a
1539 695 1596 744 [2²]
1629 700 1784 734 externa

352 770 467 810 ramis
507 768 751 817 circumfusa,
783 779 802 804 a
835 766 981 804 cellulis
1020 765 1330 805 subradiantibus
1361 768 1463 802 arcte
1495 765 1785 817 cohaerentibus,

351 838 553 887 granulosa
585 834 792 873 substantia
824 834 964 884 sarctis,
995 834 1198 872 constituta
1205 863 1375 874 .....

352 927 522 968 Frondes
561 924 830 975 teretinsculae,
873 925 1003 973 rigidae
1035 928 1072 962 et
1103 925 1360 963 exsiccatione
1393 935 1558 974 corneae,
1590 923 1786 961 violaceo-

239 1007 441 1048 purpurese
473 997 536 1031 aut
565 993 719 1030 sordide
752 994 982 1030 lutescentes
1009 991 1788 1044 virentesve,diehotomo-mmosissimae,

239 1064 431 1112 ramisque
463 1060 725 1098 consimilibus
756 1060 993 1097 secundatim
1025 1072 1043 1097 a
1077 1060 1213 1098 fronde
1245 1059 1438 1109 proliseris
1469 1059 1610 1097 obsitae.

351 1141 481 1179 Stratis
527 1137 678 1175 duobus
724 1140 911 1175 contexta}
957 1141 1057 1176 sunt.
1135 1138 1287 1176 Cellulte
1332 1139 1529 1188 angulatae,
1560 1138 1786 1177 interiorem

242 1210 387 1249 frondis
418 1211 564 1258 partem
600 1207 846 1255 occupantes,
878 1205 1115 1243 densissimae
1148 1206 1196 1243 ita
1229 1209 1269 1242 ut
1300 1216 1399 1253 aegre
1418 1205 1695 1256 discernantur,
1717 1206 1787 1243 nisi

242 1279 281 1315 in
313 1275 450 1314 fronde
494 1274 619 1311 adulta
665 1273 809 1310 cellulae
855 1274 1058 1320 granulosa
1100 1272 1306 1310 substantia
1354 1273 1476 1310 sarctac
1524 1273 1787 1312 observentur.

240 1344 537 1393 Conspiciuntur
579 1341 650 1378 hoc
692 1340 811 1378 modo
854 1341 911 1378 fila
959 1340 996 1377 in
1042 1340 1125 1390 ipso
1165 1340 1220 1378 axi
1254 1340 1341 1378 satis
1373 1342 1546 1389 elongata
1580 1344 1617 1378 et
1646 1341 1788 1391 tenuia,

240 1411 436 1449 articulata
480 1414 517 1447 et
563 1422 726 1460 ramosa,
775 1409 1104 1457 longitndinaliter
1135 1410 1396 1458 excurrentia3
1429 1422 1447 1447 a
1479 1413 1612 1448 centro
1645 1411 1788 1448 sensim

241 1481 423 1519 arcuatim
470 1489 600 1517 versus
646 1478 904 1527 peripheriam
952 1480 1171 1527 excurrunt,
1216 1477 1364 1514 articuli
1398 1477 1594 1515 breviores
1627 1478 1789 1515 evadunt

242 1551 280 1585 et
311 1548 348 1584 in
381 1545 536 1584 cellulas
575 1558 682 1584 veras
720 1549 932 1595 mutantur3
966 1556 1101 1582 omnes
1134 1546 1278 1583 cellulae
1310 1546 1521 1583 arctissime
1548 1546 1787 1596 juxtapositae

242 1619 280 1653 et
311 1616 557 1653 cohaerentes.
618 1617 821 1652 Externum
854 1617 1012 1651 stratum
1044 1615 1132 1651 satis
1165 1625 1346 1665 crassum,
1378 1614 1447 1652 tilis
1466 1613 1788 1652 monilisormibus

240 1683 482 1722 verticalibus
515 1684 700 1732 elongatis
732 1686 769 1721 et
800 1682 960 1721 ramosis
991 1682 1253 1720 constitutum.

354 1762 508 1812 Kalidia,
548 1763 585 1800 in
624 1762 736 1800 unica
775 1762 903 1811 speeie
936 1761 1148 1812 observata,
1180 1760 1307 1799 frondi
1338 1760 1517 1799 immersa
1549 1763 1612 1798 aut
1642 1759 1787 1798 hemis-

242 1830 397 1879 pherice
443 1830 713 1880 prominentia,
757 1830 973 1878 pericarpio
1014 1831 1141 1867 clauso
1173 1840 1240 1867 seu
1271 1829 1418 1866 frondis
1449 1831 1564 1866 strato
1597 1828 1788 1865 exteriore

241 1899 361 1945 magis
408 1898 561 1935 evoluto
608 1898 772 1946 inclusa,
817 1897 975 1934 demum
1020 1896 1195 1934 circulari
1240 1895 1432 1933 solutione
1479 1894 1536 1943 [‘?]
1583 1895 1787 1944 pericarpii

242 1964 413 2001 liberata.
473 1964 622 2001 Cellulfe
654 1975 788 2013 parum
819 1967 969 2001 mutatae
1005 1963 1150 2001 frondis
1180 1963 1316 2001 mediae
1347 1966 1586 2012 praegnantes
1611 1964 1787 2013 evadunt,

243 2033 443 2070 nucleolos
482 2032 683 2082 plurimos,
723 2032 947 2069 membrana
979 2032 1172 2070 ambiente
1204 2031 1428 2069 cellularum
1460 2033 1670 2080 separatos,
1701 2031 1786 2068 sor-

243 2102 403 2150 mantes,
442 2100 598 2137 demum
635 2100 672 2136 in
712 2101 894 2136 nucleum
932 2100 1093 2137 densum
1134 2101 1404 2137 coalescentes.
1467 2099 1678 2136 Gemmidia
1709 2099 1787 2136 mi-

243 2170 346 2218 nuta,
378 2166 803 2217 ungulato-rotundatu,
835 2167 930 2205 intra
963 2167 1116 2205 cellulas
1149 2170 1387 2216 proegnantes
1418 2165 1598 2216 pauciora
1623 2165 1786 2205 evoluta.

355 2246 608 2296 Nemathecia,
655 2246 691 2283 in
739 2245 849 2283 unica
893 2245 1021 2295 specie
1060 2245 1150 2297 risa,
1193 2245 1514 2295 veri-acaes01·1nia,
1546 2256 1671 2282 ramos
1701 2257 1786 2282 am-

242 2314 461 2365 plectentia,
493 2326 512 2351 a
546 2314 692 2352 cellulis
737 2317 841 2351 arcte
886 2313 1101 2361 conjunctis
1128 2312 1316 2351 'radiatim
1348 2312 1554 2363 dispositis,
1586 2313 1788 2360 granulosa

241 2382 400 2420 materia
447 2383 572 2420 sarctis
618 2382 842 2432 constituta3
890 2382 1086 2419 functione
1132 2381 1257 2419 dubia.
1330 2384 1383 2419 An
1425 2381 1462 2418 in
1503 2381 1786 2430 splioerosporas

242 2462 351 2489 more
384 2451 667 2500 Gymnogongri
700 2451 856 2489 deinum
888 2449 1098 2489 solvenda?

354 2534 480 2567 Genus
526 2530 647 2568 adhue
693 2529 972 2568 characteribus
1018 2529 1189 2579 dubium,
1231 2531 1269 2566 et
1298 2527 1423 2576 quoad
1455 2526 1784 2575 circumscriptio-

245 2610 333 2635 nem
379 2597 550 2635 nondum
591 2598 717 2636 forsan
757 2598 972 2647 delinitum,
1012 2600 1308 2645 Gymnogongro
1354 2595 1583 2644 proximum,
1622 2593 1686 2629 sed
1727 2593 1783 2629 vix

245 2676 330 2701 eum
363 2665 502 2702 eodem
534 2665 862 2715 conjungendmn,
896 2665 983 2702 licet
1000 2665 1238 2702 characteres
1269 2662 1471 2701 distinctivi
1504 2659 1617 2698 hodie
1647 2650 1782 2698 desint.

245 2731 456 2769 Substantia
498 2733 570 2769 alia
615 2736 652 2769 et
699 2733 938 2771 Nematheeia
984 2732 1112 2770 forsan
1158 2735 1300 2768 naturae
1339 2730 1498 2767 diversa.
1557 2726 1781 2775 Specierum

245 2797 437 2844 <linguosis
483 2810 638 2847 quoqne
678 2799 735 2837 vix
777 2800 847 2837 rite
886 2799 1111 2848 exhibenda,
1143 2797 1421 2837 characteribus
1455 2796 1645 2833 fructuum
1677 2806 1781 2833 non-

246 2865 336 2902 dum
367 2867 668 2913 suppetentibus.
