1907 3004
53 90 350 149 Dudresnaya.
717 90 924 132 Genuum.
1491 92 1511 130 1
1524 91 1582 131 70

54 223 140 260 cido
186 224 347 270 constat3
391 220 513 258 scrius
559 220 668 258 tubus
715 221 784 258 iste
829 223 866 259 lit
897 222 1113 271 cellulosus,
1158 220 1302 258 cellulis
1334 219 1378 257 ad
1411 220 1584 268 genicula

53 291 241 339 praecipue
273 287 520 325 evidentibus.
580 293 603 325 A
635 288 725 325 tubo
757 289 840 325 axili
874 289 1017 326 frondis
1045 288 1238 337 juvenilis,
1270 288 1363 324 infra
1397 286 1586 334 genicula,

53 358 111 394 tila
151 355 398 401 egrediuntur
439 354 459 391 [ι
499 354 581 401 (aut
620 356 745 392 forsan
779 356 902 403 plura)
935 355 1165 403 verticillata,
1197 354 1482 391 liorizontaliter
1515 366 1585 400 pa-

54 422 276 471 tentissima,
314 421 519 470 articulata,
559 422 603 457 ad
642 423 840 459 articulum
880 422 1060 469 quodque
1100 433 1259 470 ramosa,
1292 421 1404 458 ramis
1438 420 1586 457 inferne

55 488 253 537 oppositis,
283 497 447 535 superne
479 489 720 539 dichotomis,
752 490 890 527 eximie
924 490 1119 538 fastigiata,
1150 488 1468 526 axemvcrticillis
1485 486 1587 524 den-

54 556 104 592 sis
135 558 170 592 at
201 555 437 602 regularibus
484 556 684 603 cingentia.
760 559 805 593 lix
845 557 898 593 liis
939 560 1063 592 autem
1105 556 1174 592 tilis
1214 554 1463 604 peripliericis
1495 553 1589 590 rami

54 622 229 660 nonnulli
261 634 371 659 cursu
406 623 666 670 longitudinali
701 626 918 672 excurrunt,
951 622 1081 659 tubum
1109 622 1330 669 primarium
1350 621 1588 658 articulatum

56 691 273 739 investiunt,
315 693 353 726 ct
390 690 488 727 bunc
525 693 640 727 strato
679 689 849 727 densiori
890 689 1055 735 cingunt.
1117 689 1189 724 Fila
1222 689 1298 725 lucc
1329 686 1590 734 longitudino-

56 757 102 794 lia
133 761 219 794 sunt
251 757 338 805 ipsis
379 756 627 805 periphericis
669 757 738 792 tilis
779 756 892 804 paulo
925 754 1105 803 tirmiora,
1136 754 1225 791 alias
1258 754 1485 802 conformia,
1518 764 1591 789 en-

56 826 303 862 dochromate
341 824 511 860 colorato
551 826 588 858 et
625 823 715 859 tubo
756 822 921 859 tenuiori
953 833 972 858 a
1004 821 1149 857 cellulis
1181 820 1259 857 tubi
1292 819 1461 867 primarii
1495 819 1591 855 saci-

56 891 127 928 lius
157 890 349 938 distincta3
396 890 472 925 llaec
517 890 573 926 fila
620 888 909 936 longitudiualia
947 887 1101 924 demum
1133 897 1228 923 nova
1262 887 1318 923 [ila
1352 885 1592 934 periplicrica

56 957 303 994 liorizontalia
334 956 520 1004 emittunt,
552 967 634 1003 quae
668 955 844 992 frondem
875 957 991 991 strato
1024 955 1104 991 sere
1136 953 1320 990 continuo
1351 951 1592 1000 periplierico

57 1024 224 1070 cingunt.
291 1026 406 1060 Frons
451 1023 577 1071 itaque
615 1023 794 1069 Juvenilis
837 1022 1029 1059 verticillis
1069 1021 1305 1069 regularibus
1343 1024 1380 1058 at
1409 1019 1594 1068 proximis

58 1090 192 1140 obsita,
221 1090 351 1127 senilis
382 1089 574 1127 verticillis
605 1089 884 1126 confluentibus
915 1089 1020 1137 quasi
1053 1088 1245 1125 continua.
1306 1086 1379 1124 Fila
1410 1085 1594 1134 periphe-

57 1159 132 1195 rica
165 1158 201 1194 in
234 1158 337 1194 omni
370 1159 465 1194 statu
499 1156 630 1206 libera,
661 1157 846 1204 nulloque
876 1167 990 1193 muco
1023 1155 1199 1193 cohibita.

168 1225 322 1262 Favellae
367 1224 436 1260 fitis
480 1224 742 1273 peripliericiS,
774 1234 885 1272 supra
919 1223 1060 1272 basem,
1102 1222 1244 1272 adfixae,
1290 1231 1503 1268 eorumque
1537 1219 1595 1256 sa-

60 1292 209 1329 sciculis
253 1291 426 1340 obtectae,
471 1291 518 1328 ita
564 1295 602 1327 ut
640 1292 734 1328 intra
774 1291 1033 1339 periplieriam
1074 1289 1220 1327 frondis
1252 1288 1466 1326 nidulantes
1497 1299 1596 1324 con-

60 1359 283 1408 spiciuntur,
327 1359 466 1396 nucleo
511 1359 738 1407 plerumque
784 1357 922 1394 minori
971 1357 1189 1405 rotundato,
1225 1356 1457 1404 constitutae,
1502 1355 1597 1392 intra

63 1426 325 1463 membranam
356 1426 538 1472 byalinam
571 1425 818 1472 gelatinosam
851 1424 1054 1472 geminidia
1088 1423 1288 1461 rotundata
1321 1422 1428 1460 nullo
1461 1421 1598 1459 ordine

62 1494 256 1543 disposita,
290 1494 470 1531 foventes.
530 1493 806 1541 Spliaerosporae
838 1492 875 1529 in
906 1492 978 1529 tilis
1005 1491 1254 1540 periphericis
1277 1502 1319 1527 ex
1338 1488 1498 1526 articulo
1517 1490 1599 1524 ter-

62 1561 192 1599 minali
225 1562 430 1598 incrassato
463 1562 500 1596 et
529 1562 776 1596 transmutato
815 1559 999 1608 sormarae,
1036 1556 1495 1607 oblongo-spliaeroideae,
1525 1566 1601 1592 nu-

63 1631 146 1667 cleo
179 1629 274 1665 intra
307 1626 566 1676 perisporium
596 1626 760 1663 zonatim
794 1625 1083 1674 quadripaitito.

83 1688 86 1691 “
174 1697 300 1732 Genus
330 1705 349 1730 a
383 1692 705 1730 Bonnemaisonio
738 1692 931 1740 quondam
963 1692 1189 1741 institutum,
1219 1694 1354 1739 postea
1385 1690 1602 1737 neglectum

64 1764 146 1813 suit,
183 1761 308 1798 donec
344 1759 433 1797 Cel:i
472 1763 621 1797 Crouan
654 1770 773 1806 genus
805 1758 1082 1795 restituendum
1113 1761 1304 1806 urserunt,
1347 1755 1486 1802 analysi
1519 1755 1603 1792 data

64 1833 260 1868 structurae
298 1827 529 1864 differentias
560 1837 579 1863 a
611 1825 755 1863 cacteris
793 1826 1010 1873 Mesogloiae
1049 1824 1251 1873 speciebus
1295 1823 1496 1860 indicante.
1564 1824 1604 1859 ln

65 1898 161 1945 Algis
192 1895 384 1933 mediterr.
429 1893 517 1930 dein
551 1894 787 1930 characteres
825 1892 977 1939 generis
1009 1892 1079 1929 rite
1111 1891 1285 1940 exposui,
1315 1890 1605 1938 sphoerospora-

66 1975 150 2002 ruin
189 1966 313 1999 tamen
356 1961 543 1998 divisione
576 1964 665 1997 tunc
695 1959 867 1997 nonduin
899 1959 989 1996 milii
1023 1958 1234 2008 perspicua.
1296 1960 1369 1994 Hac
1400 1956 1554 2004 quidem
1587 1969 1606 1993 a

65 2031 274 2070 Decaisneo
314 2030 508 2079 illustrata,
548 2028 699 2075 generis
746 2029 982 2065 characteres
1024 2026 1214 2074 legitimos
1253 2024 1431 2073 exposuit
1472 2022 1606 2060 Endli-

68 2100 169 2136 clier.
236 2096 412 2145 Kutzing‚
450 2094 513 2143 qui
552 2095 590 2132 in
631 2095 854 2142 l‘liycologia
894 2093 1062 2142 speciem
1106 2093 1265 2141 typicam
1311 2090 1463 2139 generis
1493 2090 1608 2127 Calli-

70 2165 237 2203 tliamnio
284 2163 611 2210 adnumeraverat,
650 2161 687 2198 in
733 2161 939 2209 Speciebus
985 2160 1157 2207 Algarum
1204 2158 1299 2194 banc
1331 2158 1374 2194 ad
1409 2157 1607 2195 Nemalion

71 2232 241 2280 repulsit,
270 2231 439 2276 neglecta
471 2232 667 2266 structurae
699 2239 846 2265 summa
877 2227 1105 2277 differentia,
1138 2237 1181 2263 ex
1215 2224 1428 2272 analysibus
1448 2224 1484 2260 in
1504 2224 1607 2270 Engl.

86 2302 148 2336 tot.
179 2310 198 2334 a
230 2299 378 2333 Crouan
410 2298 447 2331 et
478 2295 658 2332 Decaisne
690 2295 784 2331 datis
813 2295 890 2340 jam
922 2294 1009 2330 satis
1041 2293 1253 2341 perspicua.
1286 2291 1386 2329 Licet
1404 2290 1609 2336 unicuique

74 2375 153 2402 rem
185 2360 396 2398 accuratius
435 2360 663 2397 examinanti
695 2361 836 2397 celluloe
883 2360 1089 2396 interiores
1137 2360 1216 2395 scre
1249 2358 1394 2407 inanes,
1426 2356 1496 2392 tilis
1529 2356 1609 2392 cir-

72 2429 337 2467 cumdantibus
367 2426 540 2475 multiplo
573 2426 792 2475 crassiores,
823 2425 909 2462 satis
941 2426 1156 2473 conspicua)
1197 2424 1284 2473 sint,
1317 2427 1354 2460 et
1385 2423 1495 2459 tubus
1526 2423 1610 2471 pri-

73 2497 214 2534 marius
246 2494 462 2531 articulatus
494 2493 530 2528 in
563 2492 675 2529 ramis
707 2491 848 2528 ultimis
882 2490 1058 2528 facillime
1089 2491 1246 2538 quidem
1279 2489 1516 2536 observetur,
1535 2489 1612 2525 lucc

76 2563 203 2601 omnia
221 2566 346 2600 tamen
365 2560 527 2606 denegat
546 2559 712 2607 lx'utzing,
729 2558 897 2605 miliique
917 2558 1005 2594 vitio
1025 2557 1134 2593 vertit
1159 2552 1270 2605 (Boc.
1302 2554 1407 2593 Zee'c.
1444 2551 1543 2591 4847
1573 2566 1610 2602 p.

81 2629 175 2676 1165)
214 2628 316 2677 quod
358 2629 585 2664 structuram
624 2625 694 2661 rite
734 2624 978 2672 exposuerim
1009 2627 1046 2659 et
1077 2633 1197 2671 genus
1230 2622 1477 2659 reformatum
1511 2621 1611 2658 ado-

76 2696 270 2746 ptaverim.
342 2695 405 2732 Sin
451 2704 541 2730 vero
587 2695 783 2729 structura}
829 2691 1080 2728 differentiam
1114 2691 1254 2726 nullam
1288 2690 1486 2725 invenerat
1520 2688 1613 2724 Kat-

78 2764 175 2810 ziug,
219 2762 340 2798 adbuc
369 2761 585 2798 mirandum
618 2759 720 2808 quod
752 2769 823 2795 nec
855 2759 1177 2807 cystocarpiorum
1213 2757 1248 2794 in
1281 2755 1438 2793 diversis
1470 2758 1612 2794 Nema-

80 2829 191 2867 lionis
235 2828 292 2865 sui
337 2828 536 2878 speciebus
581 2826 829 2876 differentias,
875 2835 944 2862 nec
991 2825 1340 2873 spliaerosporarum
1385 2821 1612 2859 divisionem
