1907 3004
283 89 307 127 2
317 89 341 127 ρ
352 89 377 126 4
908 80 1198 123 Cmvproxmmffl.
1506 79 1688 139 Crypton
1695 85 1815 125 emia.

281 216 550 269 XXXlll.
592 214 983 265 CRYPTONEMIA
1023 231 1055 269 J.
1089 231 1540 281 A9.Al9.1ned.p.1100.
1572 233 1815 282 matrerm.

389 315 426 351 p.
466 302 522 339 ll.
569 301 690 338 Mene.
731 299 787 338 Fl.
826 300 906 348 Alq.
948 312 984 348 p.
1030 300 1115 338 409.
1162 301 1400 348 Eubymeniae
1431 313 1484 350 sp.
1516 303 1630 341 Iseitz.
1662 302 1815 349 Phyllo-

392 371 518 419 pliorae
549 381 602 419 sp.
637 370 750 406 Grec.
784 373 823 407 et
852 371 965 407 Auel.
997 369 1290 418 Spliaerococcus
1322 381 1375 418 sp.
1407 371 1473 418 Ay.

283 463 400 498 Frons
446 459 553 507 plana
600 460 794 497 chartacea
842 459 1135 497 subcaulescens
1180 459 1360 507 prolisera
1405 462 1441 496 et
1487 472 1648 511 ramosa,
1694 461 1816 498 stratis

393 529 474 565 sere
519 527 637 564 tribus
681 530 875 576 contexta,
922 526 1107 564 interiore
1151 526 1221 562 silis
1266 526 1450 574 elongatis
1494 528 1653 565 ramosis
1698 527 1816 565 dense

394 594 624 644 intertextis3
664 595 854 631 exteriore
886 594 1031 630 cellulis
1064 593 1274 630 rotundatis
1306 605 1436 631 versus
1467 595 1707 642 superliciem
1738 595 1817 631 mi-

395 663 553 700 noribus
598 665 807 699 constante.
893 660 1068 698 Farellce
1112 660 1320 710 immersae,
1353 660 1390 696 in
1435 662 1639 698 alterutera
1684 662 1818 710 pagina

395 730 730 779 subprominentes
761 730 965 779 simplices,
1010 728 1212 777 gemmidia
1259 728 1457 766 rotundatu
1505 729 1678 778 plurima,
1722 729 1819 766 intra

393 798 657 836 membranam
691 799 875 846 liyalinam
908 797 1084 846 cohibita,
1116 796 1270 833 demum
1302 807 1371 844 per
1388 796 1566 833 ostiolum
1590 797 1820 833 emittentes.

396 866 692 914 Splicerosporoe
724 866 760 902 iu
792 865 1044 914 sporopliyllis
1077 864 1243 912 propriis
1275 866 1339 900 aut
1370 864 1464 901 infra
1498 863 1624 911 apices
1655 863 1692 900 ln
1711 874 1821 900 soros

397 933 620 971 rotundatos
666 934 846 983 collectce,
891 935 1007 969 strato
1051 931 1338 968 ncmatliecioso
1386 930 1593 981 immersse,
1625 929 1822 978 oblongae,

396 1001 590 1038 cruciatim
623 1000 761 1038 divisae.

395 1090 564 1128 Frondes
607 1091 724 1138 planco
768 1093 805 1126 et
845 1089 1386 1139 chartaceo—membranaceae,
1424 1088 1595 1137 stipitatae
1626 1088 1752 1138 stipite
1785 1089 1821 1126 in

285 1159 431 1195 caulem
471 1159 553 1206 plus
591 1157 717 1194 minus
757 1168 949 1194 ramosum
982 1155 1122 1193 sensim
1152 1159 1312 1206 mutato,
1345 1156 1503 1193 omuino
1536 1157 1615 1193 sere
1648 1166 1822 1205 enerves,

284 1229 348 1262 aut
378 1226 484 1262 caule
514 1225 552 1262 in
584 1228 727 1262 costam
760 1224 909 1261 unicam
942 1225 1117 1273 pluresve
1150 1226 1369 1261 transeunte
1401 1226 1565 1275 costatae,
1597 1227 1700 1261 costa
1733 1235 1824 1261 eva-

285 1296 466 1330 nescente
510 1295 574 1330 aut
619 1293 698 1330 sere
743 1292 787 1329 ad
834 1292 982 1341 apicem
1028 1293 1265 1342 prolongata,
1311 1290 1724 1329 sinuoso-(licbotomae
1762 1292 1824 1326 aut

284 1359 626 1408 prolisscationibus
672 1373 691 1398 a
738 1363 839 1397 costa
887 1361 941 1397 vel
988 1359 1159 1407 margine
1205 1360 1293 1398 laeso
1338 1359 1609 1409 pullulantibus
1652 1369 1822 1408 ramosae,

284 1428 455 1476 margine
487 1428 742 1476 integerrimae
773 1431 837 1465 aut
867 1427 1116 1465 denticulum.

396 1506 524 1545 Stratis
569 1506 718 1544 duobus
762 1509 825 1543 aut
869 1506 950 1544 sere
997 1505 1116 1543 tribus
1166 1506 1272 1544 frons
1317 1508 1490 1543 contexta
1537 1508 1603 1543 est.
1663 1505 1824 1543 Interius

286 1578 433 1614 constat
477 1574 546 1612 tilis
593 1575 777 1622 elongatis
817 1574 1020 1612 articulatis
1053 1578 1090 1611 et
1120 1574 1293 1624 ramosis,
1324 1574 1444 1611 dense
1476 1573 1701 1624 intertextis,
1733 1585 1824 1621 gra-

285 1644 418 1680 nulosa
449 1642 606 1679 materia
638 1653 737 1690 saepe
770 1642 943 1691 repletis,
983 1641 1019 1679 in
1052 1642 1219 1691 partibus
1252 1641 1437 1679 fertilibus
1469 1642 1526 1679 llla
1558 1641 1699 1679 laxiora
1732 1650 1824 1677 eva-

286 1711 392 1761 dunt,
434 1711 620 1760 longiora,
650 1710 768 1758 magis
801 1721 945 1747 ramosa
980 1713 1016 1747 et
1046 1710 1381 1750 anastomosantia.
1440 1713 1518 1747 lloc
1549 1709 1713 1756 cingitur
1742 1708 1825 1744 cel-

287 1777 372 1814 lulis
401 1777 547 1824 magnis
580 1777 791 1814 rotundatis
822 1777 1048 1827 granulosis,
1087 1788 1182 1827 quae,
1215 1778 1384 1826 pluribus
1415 1778 1587 1815 seriebus
1618 1776 1825 1825 dispositae,

288 1844 532 1892 superficiem
578 1856 706 1883 versus
750 1845 893 1883 sensim
937 1845 1109 1882 minores
1153 1846 1247 1881 siunt
1291 1848 1328 1881 et
1372 1846 1421 1882 ita
1458 1844 1565 1892 quasi
1605 1844 1681 1880 duo
1713 1845 1826 1880 strata

290 1911 467 1949 ellicinnt..

398 1978 553 2016 Favellae
597 1979 692 2017 intra
736 1981 892 2017 stratum
938 1982 1150 2029 externum,
1189 1978 1224 2016 in
1256 1979 1459 2017 alterutera
1490 1978 1626 2028 pagina
1660 1978 1825 2027 pustuli—

290 2045 464 2082 lormiter
504 2046 671 2083 inssatum
715 2049 751 2083 et
781 2046 1194 2097 subliemispbrcricum,
1225 2046 1458 2095 demumque
1491 2047 1630 2084 ostiolo
1663 2045 1825 2095 regulari

289 2116 477 2164 apertum,
507 2113 735 2165 nidulantes,
756 2114 922 2163 inplexu
942 2115 1827 2165 Illorumauastomosantiumstispeiisse,ge111-

289 2179 415 2218 inidiis
455 2180 608 2218 minutis
647 2181 863 2218 numerosis
896 2181 931 2218 in
964 2183 1142 2218 nucleum
1174 2181 1400 2232 simplicem,
1432 2182 1687 2231 peridermate
1718 2183 1825 2230 gela-

291 2248 416 2286 tiuoso
456 2249 603 2296 hyalino
642 2249 821 2300 cinctum,
859 2253 962 2286 arcte
994 2249 1232 2296 conglobatis
1264 2249 1488 2288 constitatae.
1549 2250 1825 2298 Spliaerosporae

290 2317 353 2352 aut
384 2314 419 2352 in
452 2316 593 2353 foliolis
626 2317 790 2365 propriis
822 2311 1103 2368 marginalibus,
1133 2321 1195 2354 aut
1227 2318 1322 2354 infra
1355 2317 1480 2366 apices
1511 2318 1706 2355 frondium
1728 2328 1823 2355 evo-

291 2384 388 2434 lutzr,
432 2387 547 2422 strato
594 2385 893 2435 nematliecioso,
939 2397 1070 2422 sorum
1116 2385 1360 2422 rotundatum
1392 2385 1593 2435 formante,
1626 2385 1824 2421 immersm.

290 2455 405 2489 Serus
442 2461 554 2500 supra
584 2453 825 2501 superficiem
856 2454 1024 2490 sterilem
1057 2455 1249 2501 paulisper
1280 2455 1459 2504 elevatus,
1492 2454 1561 2490 tilis
1593 2452 1825 2489 brevissimis

291 2519 528 2557 verticalibus
574 2524 735 2568 couslat;
782 2521 880 2558 inter
924 2521 1001 2558 liaeo
1038 2522 1096 2559 fila
1135 2521 1409 2569 sphaerosporae
1440 2520 1606 2570 minutae,
1638 2519 1825 2569 oblongae,

292 2587 484 2624 cruciatui)
517 2587 657 2638 divisa,
689 2588 917 2626 nidulanlur.

403 2659 559 2705 Formae,
605 2667 687 2704 (pue
734 2657 820 2693 liuic
865 2657 994 2705 generi
1040 2656 1351 2705 adimmerantur,
1395 2654 1599 2692 recentiori
1630 2664 1708 2691 aevo
1741 2654 1824 2703 pri-

293 2732 394 2757 mum
443 2724 601 2770 cogamo
648 2724 833 2761 videntur.
909 2725 1051 2763 Nullam
1097 2724 1195 2772 apud
1236 2726 1446 2760 Turnerum
1478 2725 1727 2759 memoratam
1762 2723 1824 2759 in·-

294 2789 483 2839 venimus3
523 2804 540 2828 a
573 2792 748 2830 Gmeliuo
779 2803 852 2829 uua
884 2792 1038 2839 quidem
1067 2791 1143 2837 jam
1176 2789 1321 2838 depicta
1354 2789 1532 2838 creditur,
1564 2787 1665 2835 quod
1699 2791 1824 2824 tamen

294 2857 397 2893 nullo
430 2857 545 2895 modo
578 2862 734 2897 certum.
794 2862 833 2896 lu
866 2858 1072 2908 Speciebus
1103 2857 1272 2906 Agardliii
1304 2856 1474 2905 plurima)
1498 2855 1708 2906 deseriplae,
1728 2855 1825 2892 inter
