1907 3004
269 108 323 149 19
333 108 358 146 2
887 85 1175 128 Cnvproxmffi.
1569 68 1805 130 Acrolylus.

264 233 479 290 XXIII.
518 224 839 279 ACROTYLUS
869 238 903 277 J.
934 238 999 284 Ay.
1032 235 1115 272 Ace.
1148 230 1269 269 Hozm.
1307 227 1407 266 isio
1443 217 1601 274 ofcers.
1630 234 1667 271 p.
1700 221 1763 259 ee.

267 337 385 371 Frons
416 323 777 375 compresso-plana
809 322 871 357 aut
910 309 1347 366 prisnmtico-angulata,
1388 305 1547 353 simplex
1579 302 1635 339 vel
1667 300 1806 336 dicho-

380 401 496 443 toma,
526 391 667 441 duplici
699 391 813 426 strato
847 383 1066 428 constituta;
1106 377 1290 415 interiore
1330 373 1399 410 tilis
1431 369 1616 417 elongatis
1649 365 1807 404 ramosis

382 469 419 501 et
462 455 832 499 anastomosantibus
878 452 916 488 in
961 448 1163 487 reticulum
1215 439 1429 488 conjunctis
1474 438 1689 483 constante3
1737 444 1809 469 ex-

384 531 527 569 teriore
566 525 711 564 cellulis
751 517 963 560 rotundatis
994 525 1123 552 versus
1154 508 1396 558 superficiem
1426 503 1640 542 minoribus
1671 500 1810 538 subra-

385 598 496 635 diatis
540 595 732 631 contexto.
809 583 983 625 Favelloe
1027 582 1065 618 in
1111 575 1279 616 verrucis
1323 569 1664 627 nematliecioideis
1711 566 1811 604 circa

386 667 513 715 apices
559 655 902 699 intumescentibus
947 650 1126 697 evolutae,
1173 644 1344 694 plurimae
1390 638 1673 687 adproximatae,
1718 635 1815 671 intra

388 732 606 783 periderma
637 726 823 775 liyalinum
856 717 1062 770 gemmidia
1092 714 1264 762 angulata
1283 708 1444 758 plurima
1464 707 1646 743 foventes.
1679 701 1816 748 Sphoe-

390 809 572 848 rosporoe
617 796 655 832 in
700 788 952 831 Nematlieciis
997 783 1152 822 definite
1192 763 1487 824 circumscriptis
1516 768 1818 809 maculoesormi-

391 870 474 918 bus,
506 866 601 903 insra
632 862 758 911 apices
789 858 1074 905 segmentorum
1108 850 1144 887 in
1178 850 1295 885 latere
1327 845 1441 893 plano
1486 838 1659 887 evolutis,
1700 835 1820 873 nidu-

393 939 525 984 lantes,
558 932 753 978 elongatae,
785 926 853 963 {ilis
885 921 1061 960 tenuibus
1093 918 1248 965 stipatae,
1280 912 1444 950 zonatim
1475 908 1613 945 dixisae.

396 1019 513 1053 Frons
554 1011 592 1047 in
631 1019 704 1045 una
744 1002 873 1054 specie
911 996 1189 1048 simplicissima
1222 986 1662 1042 prismatien-angulata,
1694 982 1732 1019 in
1763 982 1823 1017 al—

285 1090 365 1123 tera
397 1075 777 1129 compressso-plana
821 1068 988 1116 linearis,
1026 1055 1540 1104 dichotomo-decomposita
1574 1056 1611 1089 et
1640 1052 1824 1099 praeterea

288 1166 304 1189 a
337 1148 510 1196 margine
555 1144 612 1181 vel
658 1141 832 1179 strictura
877 1134 1072 1184 prolifera.
1148 1125 1359 1166 Substantia
1392 1120 1651 1160 subcoriacea.
1712 1117 1827 1154 Color

290 1221 520 1262 lascescens,
553 1214 616 1249 aut
646 1206 801 1246 sordide
832 1210 1060 1253 purpureus.

399 1297 563 1334 Stratum
609 1290 809 1325 externum
856 1279 1000 1318 frondis
1042 1276 1190 1313 constat
1227 1270 1371 1309 cellulis
1411 1265 1622 1306 rotundatis
1662 1259 1831 1310 minutis,

291 1364 463 1417 pluribus
501 1356 674 1397 seriebus
715 1348 922 1399 dispositis⁷
960 1343 1126 1383 externis
1167 1339 1308 1378 sensim
1351 1334 1580 1383 minoribus,
1622 1329 1681 1368 fila
1711 1328 1832 1365 verti-

294 1434 388 1471 calia
425 1423 701 1467 monilisormia
744 1421 862 1458 dense
904 1413 1162 1464 approximata
1206 1402 1536 1446 constituentibus.
1595 1403 1672 1437 Hoc
1703 1399 1833 1434 exter-

294 1511 387 1539 num
418 1500 574 1536 stratum
619 1489 726 1540 quasi
773 1483 1056 1536 peripliericum
1102 1478 1182 1516 tubi
1223 1472 1429 1522 interioris,
1460 1469 1523 1518 qui
1556 1466 1716 1506 reticulo
1736 1462 1835 1500 satis

297 1568 418 1604 denso
451 1563 669 1609 occupatur.
730 1552 980 1594 Constituitur
1010 1550 1083 1586 hoc
1114 1545 1314 1584 reticulum
1347 1541 1416 1578 [ilis
1449 1535 1637 1585 elongatis
1668 1532 1836 1579 undiquc

298 1627 681 1676 anastomosantibus,
714 1624 751 1660 in
783 1631 879 1669 aqua
912 1617 1050 1656 eximie
1082 1611 1328 1652 tumentibus.

412 1712 567 1749 Fructus
613 1706 650 1742 iu
696 1699 855 1739 diversis
900 1694 1102 1746 speciebus
1148 1689 1299 1728 detecti.
1368 1689 1408 1723 In
1448 1696 1535 1733 una,
1567 1691 1680 1729 quam
1710 1676 1839 1725 typicae

303 1777 594 1828 congenericam
639 1769 826 1818 suspicor,
871 1764 1012 1803 savellae
1057 1762 1096 1798 in
1142 1759 1249 1807 apice
1282 1752 1560 1792 intumescente
1599 1742 1842 1790 clavaesormi,

303 1849 455 1886 filorum
487 1840 724 1880 corticalium
757 1834 976 1874 evolutione
1007 1827 1230 1878 spongffiso,
1268 1821 1439 1872 plurimae
1470 1816 1700 1854 nidulantur.
1760 1812 1842 1848 Nu-

305 1915 376 1952 clei
407 1910 598 1959 simplices
629 1905 817 1950 videntur,
850 1901 945 1936 intra
975 1895 1194 1945 periderma
1224 1888 1415 1936 hyalinum
1443 1881 1644 1931 gemmidia
1669 1877 1845 1927 plurima,

306 1984 426 2020 forma
459 1973 694 2024 irregularia,
725 1961 1133 2010 rotundato-angulata
1165 1961 1228 1996 aut
1253 1949 1660 1998 comico-cylindracea
1679 1949 1715 1983 et
1733 1949 1845 1982 trun-

308 2053 401 2098 cata,
433 2047 615 2083 foventes.
683 2039 770 2087 Fila,
813 2045 894 2084 quae
933 2034 1089 2070 stratum
1131 2025 1380 2076 spongiosum
1413 2020 1593 2067 efficiunt,
1624 2015 1711 2052 sunt
1741 2009 1847 2049 valde

309 2114 547 2166 prolongata,
577 2100 1010 2147 dicliotomo-sastigiata
1042 2091 1355 2133 monililormiter
1385 2086 1598 2132 articulata;
1630 2091 1742 2129 supra
1760 2077 1850 2114 lilo-

310 2195 394 2221 rum
441 2181 567 2217 basem
616 2174 755 2213 [avelim
804 2170 1023 2207 nidulantur
1063 2161 1287 2209 rotamintae,
1318 2158 1387 2195 lilis
1419 2156 1516 2192 circa
1549 2151 1706 2189 nucleos
1736 2155 1850 2183 sece-

311 2248 503 2293 dentibus,
534 2255 646 2292 supra
679 2241 763 2278 illos
794 2239 932 2275 iterum
964 2229 1234 2282 approximatis
1266 2230 1303 2263 et
1335 2236 1403 2274 per
1433 2221 1603 2260 canalem
1634 2215 1852 2261 elongatum

314 2316 519 2368 gemmidia
559 2307 877 2359 (lispargentibus.
945 2305 1031 2341 Pars
1074 2297 1282 2346 fructifera,
1320 2305 1339 2331 a
1370 2287 1570 2339 superficie
1602 2284 1692 2330 visa,
1722 2279 1854 2317 minu-

314 2385 458 2423 tissime
491 2379 723 2419 tuberculata
755 2374 922 2423 adparet.

428 2464 467 2500 ln
499 2461 613 2498 altera
653 2455 795 2505 specie,
832 2461 946 2499 quam
986 2446 1144 2496 typicam
1176 2439 1307 2490 generi
1340 2434 1538 2483 descripsi,
1574 2431 1856 2480 splioerosporas

319 2528 528 2570 observavi.
598 2525 695 2562 lnsra
728 2521 854 2570 apices
886 2517 1174 2564 seginentorum
1206 2512 1243 2545 et
1273 2502 1593 2555 prolificationum
1625 2494 1852 2543 subspatliu-

320 2601 414 2637 latos
446 2591 682 2633 neinatliccia
721 2586 943 2633 obveniunt,
982 2592 1049 2619 seu
1087 2577 1243 2616 maculae
1283 2574 1434 2610 elevatae
1467 2567 1655 2612 oblongae,
1687 2559 1857 2607 margine

322 2667 481 2712 angusto
527 2659 644 2698 sterili
691 2658 835 2704 cinctae,
876 2653 913 2689 in
947 2653 1105 2697 utraque
1138 2644 1271 2695 pagina
1303 2637 1412 2677 simul
1447 2632 1726 2684 prominentes;
1758 2635 1859 2663 con—

323 2735 421 2770 stant
464 2728 612 2767 cellulis
657 2720 907 2774 peripliericis
952 2716 1060 2756 valde
1090 2707 1325 2762 prolongatis
1357 2708 1394 2741 et
1426 2703 1462 2739 iu
1496 2700 1554 2737 lila
1586 2692 1859 2734 monilisormia

325 2796 548 2835 tenuissima
580 2792 754 2841 evolutis,
787 2790 886 2826 inter
916 2796 1009 2834 quas
1040 2781 1311 2830 spliaerosporae
1342 2770 1448 2810 valde
1481 2768 1680 2814 elongatae,
1711 2761 1861 2799 diame-

327 2869 386 2904 tro
418 2865 497 2901 scre
530 2861 743 2910 quadruplo
775 2855 983 2903 longiores,
1015 2846 1178 2887 zonatim
1211 2841 1337 2880 divisae
1369 2837 1600 2877 nidulantur.
