1907 3004
282 126 295 162 1
311 125 336 162 3
345 126 369 162 2
942 120 1151 162 caunum.
1574 120 1825 166 Ceremiam.

277 255 393 284 menta
432 251 589 282 lateralia
621 250 859 291 prolificantia
887 258 961 290 prae
989 251 1128 282 caeteris
1155 248 1293 281 fertilia.
1345 249 1491 282 Favellae
1520 250 1560 292 (a
1587 260 1642 283 me
1668 253 1823 285 nundum

276 310 485 349 observatae,
525 315 598 339 sec.
639 307 789 349 Harvey)
825 316 917 349 pone
944 308 1065 349 apices
1091 307 1266 339 frondium
1296 308 1332 338 ut
1358 307 1546 348 plurimum
1568 307 1668 350 juxta
1697 311 1823 342 axillas

277 367 471 407 dispositae,
499 366 655 398 ramellis
682 365 842 407 pluribus
869 366 1024 397 incurvis
1051 365 1294 398 involucratae.
1345 365 1448 398 Color
1474 375 1685 408 purpureus.

368 422 484 454 Variat
526 423 676 464 spinulis
723 422 948 455 densioribus
995 424 1030 454 et
1073 422 1323 465 sparsioribus,
1365 424 1598 455 circumcirca
1638 424 1823 466 dispositis

275 483 335 513 aut
369 483 515 512 externe
550 479 839 522 subsecundans,
871 488 915 512 ex
946 480 1108 520 geniculo
1144 480 1292 519 singulis
1320 482 1379 512 aut
1404 480 1577 524 pluribus,
1604 482 1824 522 longioribm

275 542 308 571 et
334 538 571 571 brevioribus.

280 642 338 681 47.
371 646 451 680 CER.
482 651 612 680 ΜοΝιιΕ
643 637 791 684 [110οῆ.
826 646 864 679 ec
895 641 1016 678 Here.
1050 641 1130 689 Alq.
1168 642 1290 678 Tasm.
1318 653 1357 689 p.
1396 641 1461 685 43)
1503 642 1639 679 fronde
1671 646 1821 680 setaeea

384 710 725 757 alterne-ramosa,
760 708 872 745 ramis
906 708 1124 745 lateralibus
1155 708 1409 758 brevioribus,
1452 709 1604 746 ramulis
1641 709 1822 747 dichoto-

385 777 469 826 mis,
503 776 764 813 terminalibus
805 776 1043 823 inaequaliter
1081 776 1277 824 sorcipatis
1324 776 1516 824 praecipue
1558 780 1720 813 externo
1764 777 1822 813 la-

385 848 468 880 tere
500 844 600 881 serie
640 844 862 881 aculeorum
906 844 1192 881 articulatorum
1238 843 1384 893 obsilis,
1425 843 1594 880 articulis
1625 843 1815 880 diametro

391 911 615 963 lffsss—-3plo
655 910 894 958 longioribus
936 910 983 947 ad
1025 910 1197 958 genicula
1237 911 1408 960 nodosis,
1446 909 1658 947 interstitiis
1695 921 1817 958 supe-

384 979 550 1016 rioribus
598 978 727 1028 nudis,
779 979 1054 1026 sphaerosporis
1101 977 1136 1014 in
1182 978 1395 1014 tumoribus
1440 978 1621 1015 aculeatis
1653 981 1815 1014 externo

383 1050 675 1093 segmentoi‘um
727 1046 845 1082 latere
901 1045 1080 1095 singulis,
1131 1041 1294 1082 77savellis
1348 1045 1546 1082 involucro
1601 1045 1817 1093 polypliyllo

384 1108 603 1149 subtensis.”

367 1189 564 1222 Ceramium
592 1188 866 1229 (Echinooems)
895 1189 1024 1221 monile
1052 1187 1160 1221 Hook.
1188 1190 1223 1221 et
1247 1186 1356 1220 Harv.
1383 1187 1406 1220 l.
1431 1188 1488 1220 cl!

367 1248 550 1280 Celeceras
577 1247 707 1278 monile
733 1245 836 1278 Ii‘ztlz.
863 1254 915 1288 sp.
941 1245 1011 1289 Aly.
1034 1255 1068 1288 p.
1098 1244 1179 1278 684!

271 1312 303 1348 ῥ’.
331 1306 494 1340 crassior

364 1364 561 1397 Cei-amium
595 1362 805 1405 puberulum
836 1360 942 1394 Sond.
976 1362 1011 1394 in
1038 1359 1144 1394 Molzl.
1171 1362 1204 1394 et
1228 1359 1319 1394 Sclzc.
1347 1359 1422 1394 Boe.
1452 1360 1540 1394 Zeit.
1569 1359 1656 1393 4845
1677 1370 1713 1403 p.
1741 1361 1814 1393 525!

272 1423 345 1466 Aly.
373 1421 504 1455 Preiss.
526 1431 563 1464 p.
589 1421 647 1454 20!

383 1481 470 1519 Ηεὼ.
504 1481 548 1517 ad
581 1491 667 1517 oras
697 1479 907 1517 Tasmaniae
935 1480 1116 1526 (Gonni).
1145 1477 1189 1528 β.
1222 1478 1268 1515 ad
1301 1490 1436 1515 novam
1470 1479 1704 1516 Hollandiam
1723 1481 1813 1525 (nb.

272 1549 455 1587 Grevillel.
486 1546 649 1592 Proissl)

364 1614 474 1646 Frons
516 1611 807 1652 3—-4pollicaris,
845 1610 981 1643 inferne
1017 1612 1179 1643 crassitie
1218 1612 1379 1653 setacea,
1424 1612 1529 1644 ramis
1567 1613 1813 1654 superioribus

271 1670 510 1715 capillaribus.
570 1669 667 1701 Rami
706 1670 739 1701 in
778 1669 834 1701 lilo
868 1670 1034 1709 primario
1062 1669 1225 1709 elongato
1252 1669 1376 1701 alterni
1404 1671 1438 1701 et
1462 1669 1658 1714 breviores,
1686 1671 1812 1704 eodem

270 1732 374 1764 modo
413 1729 659 1770 decompositi,
697 1728 819 1759 ramuli
848 1729 958 1767 magis
985 1727 1188 1770 dichotomi‚
1216 1728 1335 1769 apices
1362 1730 1525 1769 patenter
1551 1728 1726 1771 forcipati,
1751 1737 1813 1760 ra-

270 1788 382 1820 mellis
421 1787 569 1829 obtusis,
609 1786 718 1818 altero
756 1786 922 1817 breviori.
983 1787 1128 1818 Articuli
1169 1788 1204 1818 in
1242 1788 1341 1827 parte
1368 1785 1533 1818 inferiore
1565 1786 1810 1829 subcorticati,

269 1847 423 1888 oblongi,
451 1846 622 1878 diametro
660 1843 980 1885 sesquilongiores3
1019 1845 1222 1885 superiores
1259 1844 1459 1875 interstitiis
1486 1844 1565 1884 plus
1592 1845 1706 1876 minus
1733 1846 1809 1876 evi-

270 1905 394 1936 denter
432 1902 547 1944 nudis,
585 1901 629 1933 ad
655 1901 816 1941 genicula
842 1901 967 1933 nodosi
996 1903 1030 1933 et
1056 1901 1190 1933 cellulis
1217 1900 1520 1941 proeminentibus
1547 1901 1672 1935 obtuse
1698 1906 1811 1936 muri-

270 1964 396 2003 culati',
421 1963 589 2002 supremi,
616 1967 742 2000 nempe
781 1960 1046 1998 segmentorum
1084 1958 1331 2000 terminalium,
1370 1958 1412 1990 ad
1451 1960 1610 1998 genicula
1637 1960 1746 1993 inflati
1773 1963 1810 1992 et

269 2023 415 2053 externo
441 2020 551 2051 latere
577 2017 709 2050 aculeis
735 2016 969 2048 hiarticulatis
996 2015 1216 2049 brevissimis
1242 2016 1403 2059 hyalinis‚
1420 2017 1462 2048 ad
1477 2018 1677 2057 geniculum
1692 2019 1807 2060 quod-

269 2087 336 2121 que
374 2078 580 2119 plerumque
618 2075 778 2116 singuliS‚
817 2083 910 2107 nunc
937 2077 1086 2116 utroque
1120 2074 1228 2106 latere
1254 2076 1388 2117 paucis,
1414 2075 1590 2107 instructi.
1640 2074 1809 2117 Sphaero-

268 2144 384 2178 sporoe
411 2136 444 2166 in
472 2133 668 2166 tumoribus
694 2131 998 2173 proeminentibus
1025 2132 1205 2165 cellulosis
1232 2134 1267 2164 et
1293 2133 1424 2164 minute
1452 2133 1632 2174 aculeatis,
1659 2135 1807 2165 externo

268 2195 376 2226 latere
414 2192 658 2232 geniculorum
694 2190 854 2231 singulis,
893 2190 1087 2231 interrupte
1122 2191 1275 2233 seriatis,
1302 2190 1477 2222 immersae
1504 2190 1733 2230 subsingulae.
1761 2209 1806 2214 --

267 2250 424 2282 Favellas
451 2258 519 2282 non
547 2249 628 2281 vidi.
677 2247 780 2280 Color
805 2250 839 2279 et
865 2247 1005 2280 habitus
1034 2247 1106 2280 sere
1134 2247 1209 2280 Cer.
1237 2248 1345 2281 rubri.

359 2307 483 2347 Quoad
509 2307 777 2349 sphaerosporas
804 2305 880 2338 haec
907 2307 1050 2347 species
1077 2307 1120 2346 ad
1147 2305 1222 2339 Cer.
1250 2307 1496 2339 tenuissimum
1522 2308 1682 2348 proxime
1698 2316 1805 2340 acce-

267 2368 335 2409 dit3
374 2366 505 2398 aculeis
544 2365 692 2406 aliisque
730 2365 824 2396 notis
849 2363 988 2396 facilius
1016 2364 1194 2397 distincta.
1242 2364 1362 2396 Aculei
1390 2364 1506 2405 quoad
1533 2364 1804 2405 dispositionem

267 2428 302 2458 et
326 2427 539 2458 structuram
567 2431 647 2455 cum
673 2423 715 2454 iis
741 2422 817 2454 Cer.
843 2422 1069 2455 acanthonoti
1096 2425 1256 2464 proxime
1283 2424 1507 2455 conveniunt.

360 2480 517 2513 Varietas
554 2489 660 2522 supra
699 2480 802 2512 allata
840 2480 934 2512 nullo
973 2483 1137 2522 respectu
1171 2490 1189 2514 a
1214 2482 1333 2523 specie
1359 2482 1525 2523 primaria
1552 2482 1689 2513 diversa
1719 2480 1802 2513 mihi

266 2541 414 2583 videtur,
453 2540 518 2572 nisi
558 2540 604 2571 sit
641 2538 764 2571 fronde
802 2538 956 2571 firmiori.
1018 2538 1168 2571 Fructus
1194 2548 1276 2571 vero
1303 2548 1373 2572 non
1400 2539 1484 2582 vidi,
1510 2547 1618 2580 quare
1644 2538 1803 2570 diversas

265 2598 380 2637 posui.
443 2596 478 2629 Si
518 2605 637 2629 revera
664 2596 829 2629 identicfe
856 2597 937 2639 sint,
963 2605 1093 2629 nomen
1121 2596 1279 2637 Sonderi,
1304 2597 1427 2637 utpote
1452 2596 1551 2637 prius
1581 2595 1711 2636 datum,
1739 2596 1803 2628 ad-

267 2655 470 2697 optandum.

392 2737 425 2773 b.
455 2735 764 2786 Splioerosporis
796 2737 911 2776 circa
938 2735 1131 2787 {fenicum
1161 2734 1441 2783 verticillalis,
1466 2732 1675 2783 plurimis.

271 2801 329 2838 48.
361 2805 441 2839 Cen.
475 2811 754 2840 Acmmonormi
799 2803 949 2848 (Carm.
994 2806 1131 2850 mser.)
1179 2801 1315 2839 fronde
1360 2800 1527 2849 capillari
1573 2802 1800 2850 regulariter

376 2867 890 2917 dicliotomo-(lecomposita
936 2869 1139 2918 fastigiata,
1184 2867 1389 2914 segmentis
1433 2867 1669 2918 patentibus,
1714 2871 1798 2905 ter-
