1907 3004
90 80 384 141 Rlzizophyllis.
709 89 995 138 Currroxmim.
1527 109 1586 150 22
1595 110 1620 151 3

89 214 252 247 siusculis
290 216 486 259 inaequalia,
525 219 624 260 apice
662 219 787 253 obtusa
828 224 979 270 dentata,
1018 228 1144 262 lineam
1182 231 1237 263 xix
1262 231 1342 277 lata,
1370 237 1466 268 costa
1495 238 1527 270 in
1556 248 1619 271 ex-

88 275 218 306 siccata
257 283 378 315 parum
417 276 561 310 notabili
598 287 779 324 percursa,
817 283 849 315 in
877 286 1009 318 recenti
1038 289 1072 319 et
1101 288 1295 322 madefacta
1326 293 1436 332 magis
1464 296 1618 338 ancipite

86 330 176 365 baud
202 334 405 375 conspicua.
455 333 557 367 Color
582 340 910 374 roseo—coccineus.
962 343 1164 379 Substantia
1193 348 1471 384 membranacea.

177 390 294 424 Planta
322 391 459 424 videtur
485 402 501 425 a
527 393 737 435 Montagneo
776 400 924 439 primum
952 402 1141 447 descripta,
1168 406 1231 437 sed
1259 414 1276 437 a
1305 406 1415 441 fulcro
1442 413 1616 455 separata,

84 449 118 479 et
142 449 320 481 varietatis
348 450 391 482 ad
416 451 527 483 instar
554 452 596 485 ad
622 452 857 489 Dclcsseriam
885 460 1011 493 alatam
1040 463 1159 505 relata,
1187 471 1205 495 a
1232 464 1451 506 Menegbinio
1479 471 1514 501 et
1539 478 1615 502 me-

81 507 231 549 metipso
258 507 330 540 sere
358 509 479 541 eodem
508 512 665 553 tempore
692 515 831 555 specics
857 519 998 559 propria
1026 521 1261 553 considerata.

78 608 113 646 ⁶2.
146 609 268 648 Ram?
300 614 424 649 BAxGu
455 609 668 662 (Hm-nem.
704 616 761 654 117.
799 617 901 656 Dan.
947 620 1023 659 tab.
1075 620 1197 669 ⁴477)
1245 625 1381 663 fronde
1421 629 1610 677 ancipite-

189 677 297 725 plana
340 683 518 731 eeostata,
563 694 655 731 vago
700 685 884 733 pinnatiin
929 688 1204 742 decomposita,
1249 697 1455 740 segmentis
1486 698 1608 735 subli-

185 745 364 783 nearibus
406 747 667 796 irregulariter
703 753 907 800 angustatis
952 755 1205 808 dilatatisque,
1246 761 1480 808 marginibus
1518 775 1607 802 cre-

182 813 521 853 nuto-lacinulatis.

162 887 276 922 Fucus
301 890 419 930 Bangii
446 890 612 925 Ilot'nem.
639 893 660 926 l.
691 903 721 926 c.

161 945 441 987 Sphaerococcus
479 949 597 991 Bangii
636 951 694 995 Ay.
720 960 772 995 sp.
799 951 870 997 Alq.
897 953 972 998 lp.
1000 955 1078 990 ⁶235.
1103 956 1191 1001 Sys-t.
1212 969 1237 1003 p
1263 961 1340 995 ⁶242.
1366 961 1468 998 Isaeilz.
1494 974 1544 1009 sp.
1567 976 1602 1010 p.

66 1002 151 1034 778!

158 1060 340 1096 Chondrus
367 1064 488 1106 Bangii
517 1064 646 1110 Lytiqb.
672 1066 779 1111 IIydr.
801 1079 836 1113 p.
866 1071 906 1103 47
932 1071 1001 1107 tab.
1030 1074 1065 1107 3!

155 1118 392 1155 Rhodomenia
417 1123 538 1165 Bangii
566 1123 670 1159 Grev.

170 1191 257 1230 Ilab.
303 1193 403 1231 inter
446 1195 651 1236 rliizomata
696 1201 858 1238 Zosterae
903 1201 1092 1251 implicata
1139 1205 1176 1243 in
1215 1206 1304 1244 Sinu
1346 1210 1519 1262 Codano;
1551 1213 1595 1251 :id

58 1256 160 1295 littus
191 1260 329 1298 Fioniae
362 1262 554 1307 (lloffman
586 1266 723 1313 nanglj
757 1270 794 1303 et
826 1269 989 1307 Bubusiae
1021 1272 1164 1320 (lpsel)

154 1334 284 1369 ”Radix
316 1338 464 1378 exiguus
498 1341 676 1373 concolor.
725 1341 835 1376 Frons
864 1345 1020 1378 solitaria
1047 1347 1134 1381 duos
1161 1351 1278 1383 tresve
1304 1353 1451 1393 pollices
1480 1355 1592 1401 longa,

58 1392 275 1426 semilineam
311 1395 355 1427 ad
393 1405 497 1429 unam
522 1398 601 1441 lata,
629 1402 798 1444 ecostata,
825 1403 940 1446 plana,
968 1413 1053 1445 vage
1081 1415 1230 1452 ramosa,
1257 1411 1591 1462 sinuato—flexuosa,

55 1450 244 1494 implicata,
282 1454 401 1494 stipite
440 1455 533 1488 nullo
573 1457 625 1489 vel
663 1458 833 1499 perbrevi
860 1462 1043 1496 instructa.
1093 1464 1187 1499 Folia
1215 1469 1267 1501 vel
1292 1473 1410 1511 potius
1436 1477 1521 1509 rami
1548 1478 1592 1510 li-

53 1515 188 1551 neares,
227 1509 282 1542 liic
309 1511 378 1543 illic
406 1512 550 1557 dilatati,
577 1516 696 1560 patuli,
733 1520 878 1563 curvati,
904 1522 979 1554 sine
1005 1523 1127 1556 ordine
1155 1525 1328 1570 dispositi,
1355 1541 1448 1565 nunc
1475 1535 1589 1569 dissiti

52 1573 145 1597 nunc
171 1570 416 1613 approximati,
443 1571 591 1613 aliisque
617 1573 775 1615 ejusdem
801 1576 994 1612 latitudinis
1022 1583 1057 1613 et
1082 1582 1264 1618 divisionis
1293 1587 1442 1623 obsessi.
1469 1591 1587 1633 Margo

51 1622 181 1665 ubique
208 1625 428 1670 lacinulatus,
460 1628 518 1661 ubi
545 1639 627 1663 vero
663 1632 759 1665 frons
785 1635 820 1666 in
848 1634 967 1669 solium
996 1639 1303 1676 membranaceum
1329 1648 1432 1686 paulo
1460 1649 1588 1683 dilata-

50 1682 115 1724 tur,
154 1682 201 1715 ibi
240 1692 358 1724 margo
399 1694 496 1727 scope
535 1689 748 1723 crenulatus.
811 1692 986 1728 Lacinulae
1024 1697 1256 1744 brevissimae,
1283 1703 1341 1736 vix
1367 1707 1585 1741 semilineam

47 1737 173 1783 longae,
200 1749 277 1773 raro
304 1743 495 1788 simplices,
524 1748 648 1789 acutae,
675 1750 873 1791 saepissime
900 1754 1001 1794 apice
1027 1755 1175 1801 obtusae,
1204 1760 1583 1811 ethi-veltrisurcatoe‚

46 1794 155 1830 furcis
192 1799 355 1841 utrinque
393 1800 493 1835 salcis
531 1805 641 1838 instar
678 1809 829 1852 reflexis,
856 1812 894 1843 ut
918 1812 1105 1853 plurimum
1133 1817 1330 1852 alternatim
1357 1823 1536 1867 secundae,
1565 1833 1583 1856 e

0 1872 1 1896 ἢ
44 1855 201 1895 margine
234 1855 367 1892 frondis
403 1869 560 1895 convexo
593 1865 872 1911 progredientes,
900 1872 935 1903 et
961 1872 1044 1905 tunc
1071 1874 1158 1907 alter
1183 1875 1318 1910 frondis
1347 1888 1467 1921 margo
1494 1890 1582 1914 con-

0 1903 1 1934 l
45 1921 162 1957 cavam,
201 1915 337 1956 integer
373 1923 568 1958 permanet.
629 1921 777 1957 Fructus
815 1925 1010 1961 Tubercula
1036 1931 1264 1978 subglobosa,
1293 1934 1519 1976 4-granulata
1547 1941 1579 1972 in

43 1969 240 2005 substantia
272 1973 406 2008 frondis
444 1980 576 2011 remote
616 1982 651 2013 et
683 1982 881 2017 inordinate
917 1996 1052 2032 sparsa,
1078 1991 1257 2031 paululum
1285 1994 1430 2040 elevata,
1456 1996 1579 2031 fusco-

43 2028 159 2062 rubra.
220 2030 322 2065 Color
359 2035 497 2068 intense
534 2046 671 2083 roseus,
709 2041 753 2074 ad
789 2042 891 2076 basin
918 2046 953 2077 et
977 2047 1012 2078 in
1037 2048 1153 2081 medio
1180 2051 1357 2084 interdum
1384 2054 1578 2087 virescens.

41 2082 243 2121 Substantia
283 2089 417 2125 frondis
456 2099 652 2135 angustata}
693 2100 931 2146 cartilaginea,
968 2104 1120 2139 dilatatae
1146 2111 1426 2155 membranacea,
1453 2115 1577 2158 rigida,

40 2143 155 2177 tenax.
207 2145 374 2181 Siccitate
399 2160 468 2183 non
496 2155 659 2188 mutatur.
710 2156 887 2192 Perennis.
937 2160 1066 2204 Hyeme
1094 2166 1264 2208 imprimis
1291 2170 1496 2212 reperitur.'’

133 2201 358 2246 Lyngbyeum
384 2208 651 2253 sphaerosporas
678 2213 898 2260 observasse,
926 2227 971 2252 ex
997 2221 1098 2254 icone
1125 2223 1203 2258 data
1230 2228 1317 2260 satis
1334 2228 1460 2262 elucet.
1488 2230 1573 2264 Cre-

38 2259 159 2291 scendi
193 2262 307 2304 modo,
345 2264 464 2299 babitu
490 2270 526 2300 et
551 2272 727 2305 structura
753 2282 822 2306 non
849 2276 939 2308 male
966 2285 1044 2311 cum
1070 2280 1286 2326 Rhizopbylli
1314 2285 1454 2320 dentata
1483 2297 1571 2320 cou-

36 2317 142 2361 xcnit,
169 2327 276 2360 quare
301 2321 415 2355 eidem
441 2327 560 2365 generi
588 2327 884 2365 adnumerandam
912 2343 991 2369 esse
1017 2341 1192 2381 suspicor.

430 2481 624 2540 TRIBUS
665 2490 714 2542 V.
757 2489 1164 2552 CRYPTONEMIAE.

33 2571 150 2612 Frons
180 2577 469 2619 membranacea
514 2583 818 2641 subcaulescens,
851 2591 919 2629 [ilis
950 2592 1196 2634 interioribus
1228 2597 1413 2650 elongatis
1443 2606 1564 2644 collu-

139 2644 260 2693 lisque
314 2649 566 2688 exterioribus
618 2656 828 2695 rotundatis
880 2659 1104 2700 subradiatis
1149 2669 1334 2708 contexta.
1408 2673 1560 2710 Favellze

138 2713 296 2752 nucleus
326 2715 498 2766 siianQX,
530 2718 627 2757 infra
656 2725 812 2761 stratum
845 2727 1008 2765 exterius
1025 2729 1558 2786 summitatum,carpostoinio

138 2782 299 2827 regulari
330 2787 541 2837 pertusum,
572 2792 762 2838 exceptus.
822 2795 1100 2845 Spliaerosporae
1133 2799 1169 2837 in
1200 2802 1297 2840 soris
1320 2804 1557 2846 subdelinitis

138 2846 309 2900 evolutae,
340 2853 456 2889 strato
488 2855 771 2896 nematliecioso
801 2859 1003 2915 immersae,
1033 2866 1229 2906 cruciatim
1260 2869 1397 2910 divisae.
