<?xml version="1.0" encoding="UTF-8"?>
<!DOCTYPE html PUBLIC "-//W3C//DTD XHTML 1.0 Transitional//EN"
    "http://www.w3.org/TR/xhtml1/DTD/xhtml1-transitional.dtd">
<html xmlns="http://www.w3.org/1999/xhtml" xml:lang="en" lang="en">
 <head>
  <title>
</title>
<meta http-equiv="Content-Type" content="text/html;charset=utf-8" />
  <meta name='ocr-system' content='tesseract 3.04.00' />
  <meta name='ocr-capabilities' content='ocr_page ocr_carea ocr_par ocr_line ocrx_word'/>
</head>
<body>
  <div class='ocr_page' id='page_1' title='image "./speciesgeneraeto0201agar_0228.png"; bbox 0 0 1907 3004; ppageno 0'>
   <div class='ocr_carea' id='block_1_1' title="bbox 268 85 1801 147">
    <p class='ocr_par' dir='ltr' id='par_1_1' title="bbox 268 85 1801 147">
     <span class='ocr_line' id='line_1_1' title="bbox 268 85 1801 147; baseline 0.01 -28"><span class='ocrx_word' id='word_1_1' title='bbox 268 93 293 133; x_wconf 81' lang='lat'><strong>2</strong></span> <span class='ocrx_word' id='word_1_2' title='bbox 302 90 362 133; x_wconf 74' lang='lat'>02</span> <span class='ocrx_word' id='word_1_3' title='bbox 897 85 1186 129; x_wconf 63' lang='lat' dir='ltr'>Cnirroxssiissffi.</span> <span class='ocrx_word' id='word_1_4' title='bbox 1536 87 1801 147; x_wconf 72' lang='lat' dir='ltr'>Ilalymem‘a.</span> 
     </span>
    </p>
   </div>
   <div class='ocr_carea' id='block_1_2' title="bbox 376 217 1802 325">
    <p class='ocr_par' dir='ltr' id='par_1_2' title="bbox 376 217 1802 325">
     <span class='ocr_line' id='line_1_2' title="bbox 378 217 1802 271; baseline 0.001 -13"><span class='ocrx_word' id='word_1_5' title='bbox 378 222 518 258; x_wconf 80' lang='lat' dir='ltr'>neatim</span> <span class='ocrx_word' id='word_1_6' title='bbox 559 230 724 269; x_wconf 56' lang='lat' dir='ltr'>expansa</span> <span class='ocrx_word' id='word_1_7' title='bbox 761 221 798 257; x_wconf 86' lang='lat' dir='ltr'>et</span> <span class='ocrx_word' id='word_1_8' title='bbox 834 217 1084 270; x_wconf 83' lang='lat' dir='ltr'>subpalniata,</span> <span class='ocrx_word' id='word_1_9' title='bbox 1114 230 1134 257; x_wconf 82' lang='lat' dir='ltr'>a</span> <span class='ocrx_word' id='word_1_10' title='bbox 1166 220 1338 268; x_wconf 72' lang='lat' dir='ltr'>murgillo</span> <span class='ocrx_word' id='word_1_11' title='bbox 1370 224 1407 259; x_wconf 88' lang='lat' dir='ltr'>ct</span> <span class='ocrx_word' id='word_1_12' title='bbox 1438 221 1544 260; x_wconf 87' lang='lat' dir='ltr'>disco</span> <span class='ocrx_word' id='word_1_13' title='bbox 1575 232 1674 271; x_wconf 76' lang='lat' dir='ltr'>smpe</span> <span class='ocrx_word' id='word_1_14' title='bbox 1706 233 1802 271; x_wconf 88' lang='lat' dir='ltr'>pro-</span> 
     </span>
     <span class='ocr_line' id='line_1_3' title="bbox 376 287 495 325; baseline 0.008 -1"><span class='ocrx_word' id='word_1_15' title='bbox 376 287 495 325; x_wconf 75' lang='lat' dir='ltr'>lisera.</span> 
     </span>
    </p>
   </div>
   <div class='ocr_carea' id='block_1_3' title="bbox 265 372 1806 709">
    <p class='ocr_par' dir='ltr' id='par_1_3' title="bbox 360 372 1325 417">
     <span class='ocr_line' id='line_1_4' title="bbox 360 372 1325 417; baseline 0.001 -10"><span class='ocrx_word' id='word_1_16' title='bbox 360 374 443 407; x_wconf 82' lang='lat' dir='ltr'>Ulva</span> <span class='ocrx_word' id='word_1_17' title='bbox 468 375 611 415; x_wconf 74' lang='lat' dir='ltr'>ligulata</span> <span class='ocrx_word' id='word_1_18' title='bbox 644 373 790 408; x_wconf 78' lang='lat' dir='ltr'>Woodw.</span> <span class='ocrx_word' id='word_1_19' title='bbox 818 375 839 408; x_wconf 89' lang='lat' dir='ltr'>l.</span> <span class='ocrx_word' id='word_1_20' title='bbox 865 385 895 408; x_wconf 84' lang='lat' dir='ltr'>c.</span> <span class='ocrx_word' id='word_1_21' title='bbox 921 373 1020 417; x_wconf 72' lang='lat' dir='ltr'>Enql.</span> <span class='ocrx_word' id='word_1_22' title='bbox 1047 372 1124 407; x_wconf 77' lang='lat' dir='ltr'>Bol.</span> <span class='ocrx_word' id='word_1_23' title='bbox 1151 374 1218 408; x_wconf 80' lang='lat' dir='ltr'>tab.</span> <span class='ocrx_word' id='word_1_24' title='bbox 1246 376 1325 410; x_wconf 69' lang='lat'>420.</span> 
     </span>
    </p>

    <p class='ocr_par' dir='ltr' id='par_1_4' title="bbox 265 432 1806 536">
     <span class='ocr_line' id='line_1_5' title="bbox 360 432 1805 480; baseline 0.004 -16"><span class='ocrx_word' id='word_1_25' title='bbox 360 432 561 475; x_wconf 79' lang='lat' dir='ltr'>Halymenia</span> <span class='ocrx_word' id='word_1_26' title='bbox 598 433 740 473; x_wconf 78' lang='lat' dir='ltr'>ligulata</span> <span class='ocrx_word' id='word_1_27' title='bbox 780 433 838 477; x_wconf 74' lang='lat' dir='ltr'>Ay.</span> <span class='ocrx_word' id='word_1_28' title='bbox 876 442 927 476; x_wconf 80' lang='lat' dir='ltr'>sp.</span> <span class='ocrx_word' id='word_1_29' title='bbox 964 432 1035 476; x_wconf 64' lang='grc' dir='ltr'>Δίῃ.</span> <span class='ocrx_word' id='word_1_30' title='bbox 1069 442 1104 475; x_wconf 83' lang='lat' dir='ltr'>p.</span> <span class='ocrx_word' id='word_1_31' title='bbox 1143 433 1208 465; x_wconf 67' lang='lat'>210</span> <span class='ocrx_word' id='word_1_32' title='bbox 1244 435 1278 466; x_wconf 75' lang='lat' dir='ltr'>et</span> <span class='ocrx_word' id='word_1_33' title='bbox 1301 433 1392 477; x_wconf 78' lang='lat' dir='ltr'>Syst.</span> <span class='ocrx_word' id='word_1_34' title='bbox 1415 445 1450 478; x_wconf 81' lang='lat' dir='ltr'>p.</span> <span class='ocrx_word' id='word_1_35' title='bbox 1477 434 1574 469; x_wconf 68' lang='lat' dir='ltr'>atti!</span> <span class='ocrx_word' id='word_1_36' title='bbox 1603 433 1805 480; x_wconf 63' lang='lat' dir='ltr'>G1·cv.21l9.</span> 
     </span>
     <span class='ocr_line' id='line_1_6' title="bbox 265 489 1806 536; baseline 0.003 -13"><span class='ocrx_word' id='word_1_37' title='bbox 265 489 353 524; x_wconf 67' lang='lat' dir='ltr'>Brit.</span> <span class='ocrx_word' id='word_1_38' title='bbox 377 501 412 534; x_wconf 82' lang='lat' dir='ltr'>p.</span> <span class='ocrx_word' id='word_1_39' title='bbox 441 492 504 523; x_wconf 64' lang='lat'>46³2</span> <span class='ocrx_word' id='word_1_40' title='bbox 532 490 600 525; x_wconf 79' lang='lat' dir='ltr'>lab.</span> <span class='ocrx_word' id='word_1_41' title='bbox 630 492 682 524; x_wconf 74' lang='lat'>47.</span> <span class='ocrx_word' id='word_1_42' title='bbox 716 490 824 524; x_wconf 78' lang='lat' dir='ltr'>Ilarv.</span> <span class='ocrx_word' id='word_1_43' title='bbox 851 500 946 524; x_wconf 78' lang='grc' dir='ltr'><em>ηιαη.</em></span> <span class='ocrx_word' id='word_1_44' title='bbox 969 501 1004 534; x_wconf 82' lang='lat' dir='ltr'>p.</span> <span class='ocrx_word' id='word_1_45' title='bbox 1032 492 1074 522; x_wconf 41' lang='lat'>5¹2</span> <span class='ocrx_word' id='word_1_46' title='bbox 1102 492 1136 523; x_wconf 80' lang='lat' dir='ltr'>ct</span> <span class='ocrx_word' id='word_1_47' title='bbox 1161 490 1301 533; x_wconf 77' lang='lat' dir='ltr'>Pleycol.</span> <span class='ocrx_word' id='word_1_48' title='bbox 1331 491 1399 524; x_wconf 81' lang='lat' dir='ltr'>tab.</span> <span class='ocrx_word' id='word_1_49' title='bbox 1426 492 1541 526; x_wconf 80' lang='lat' dir='ltr'><em>CXII!</em></span> <span class='ocrx_word' id='word_1_50' title='bbox 1574 495 1681 536; x_wconf 77' lang='lat' dir='ltr'>(excl.</span> <span class='ocrx_word' id='word_1_51' title='bbox 1712 497 1806 536; x_wconf 71' lang='lat' dir='ltr'>syn).</span> 
     </span>
    </p>

    <p class='ocr_par' dir='ltr' id='par_1_5' title="bbox 359 547 1805 596">
     <span class='ocr_line' id='line_1_7' title="bbox 359 547 1805 596; baseline 0.002 -15"><span class='ocrx_word' id='word_1_52' title='bbox 359 549 616 582; x_wconf 84' lang='lat' dir='ltr'>Ilalaraclinion</span> <span class='ocrx_word' id='word_1_53' title='bbox 640 549 822 590; x_wconf 79' lang='lat' dir='ltr'>ligulatum</span> <span class='ocrx_word' id='word_1_54' title='bbox 848 548 951 582; x_wconf 68' lang='lat' dir='ltr'>Kritz.</span> <span class='ocrx_word' id='word_1_55' title='bbox 979 548 1118 591; x_wconf 74' lang='lat' dir='ltr'>Pleycol.</span> <span class='ocrx_word' id='word_1_56' title='bbox 1148 547 1217 582; x_wconf 81' lang='lat' dir='ltr'>lab.</span> <span class='ocrx_word' id='word_1_57' title='bbox 1248 548 1290 581; x_wconf 81' lang='lat'>74-</span> <span class='ocrx_word' id='word_1_58' title='bbox 1314 547 1370 593; x_wconf 63' lang='grc' dir='ltr'>ἦρ.</span> <span class='ocrx_word' id='word_1_59' title='bbox 1399 554 1411 582; x_wconf 70' lang='lat'>4</span> <span class='ocrx_word' id='word_1_60' title='bbox 1443 552 1476 583; x_wconf 81' lang='lat' dir='ltr'>ec</span> <span class='ocrx_word' id='word_1_61' title='bbox 1499 550 1556 595; x_wconf 81' lang='lat' dir='ltr'>Sp.</span> <span class='ocrx_word' id='word_1_62' title='bbox 1584 550 1653 596; x_wconf 71' lang='lat' dir='ltr'>Aly.</span> <span class='ocrx_word' id='word_1_63' title='bbox 1677 562 1711 595; x_wconf 79' lang='lat' dir='ltr'>p.</span> <span class='ocrx_word' id='word_1_64' title='bbox 1728 553 1805 586; x_wconf 75' lang='lat'>724.</span> 
     </span>
    </p>

    <p class='ocr_par' dir='ltr' id='par_1_6' title="bbox 358 605 1175 651">
     <span class='ocr_line' id='line_1_8' title="bbox 358 605 1175 651; baseline 0.002 -13"><span class='ocrx_word' id='word_1_65' title='bbox 358 605 443 639; x_wconf 74' lang='lat' dir='ltr'>Una</span> <span class='ocrx_word' id='word_1_66' title='bbox 470 607 575 639; x_wconf 85' lang='lat' dir='ltr'>rubra</span> <span class='ocrx_word' id='word_1_67' title='bbox 600 606 717 647; x_wconf 51' lang='lat' dir='ltr'>Iluam</span> <span class='ocrx_word' id='word_1_68' title='bbox 743 607 841 651; x_wconf 72' lang='lat' dir='ltr'>Enyl.</span> <span class='ocrx_word' id='word_1_69' title='bbox 867 606 945 640; x_wconf 78' lang='lat' dir='ltr'>Boc.</span> <span class='ocrx_word' id='word_1_70' title='bbox 972 607 1040 641; x_wconf 82' lang='lat' dir='ltr'>tab.</span> <span class='ocrx_word' id='word_1_71' title='bbox 1071 608 1175 640; x_wconf 75' lang='lat'>4027!</span> 
     </span>
    </p>

    <p class='ocr_par' dir='ltr' id='par_1_7' title="bbox 359 663 944 709">
     <span class='ocr_line' id='line_1_9' title="bbox 359 663 944 709; baseline 0.003 -12"><span class='ocrx_word' id='word_1_72' title='bbox 359 665 438 700; x_wconf 79' lang='lat' dir='ltr'>Ese.</span> <span class='ocrx_word' id='word_1_73' title='bbox 472 663 594 709; x_wconf 79' lang='lat' dir='ltr'>Wyalc.</span> <span class='ocrx_word' id='word_1_74' title='bbox 623 665 751 701; x_wconf 80' lang='lat' dir='ltr'>Damn.</span> <span class='ocrx_word' id='word_1_75' title='bbox 778 676 837 700; x_wconf 65' lang='lat' dir='ltr'>wo</span> <span class='ocrx_word' id='word_1_76' title='bbox 863 666 944 700; x_wconf 77' lang='lat'>425!</span> 
     </span>
    </p>
   </div>
   <div class='ocr_carea' id='block_1_4' title="bbox 267 749 1805 865">
    <p class='ocr_par' dir='ltr' id='par_1_8' title="bbox 267 749 1805 865">
     <span class='ocr_line' id='line_1_10' title="bbox 376 749 1805 798; baseline 0.003 -12"><span class='ocrx_word' id='word_1_77' title='bbox 376 749 464 787; x_wconf 79' lang='lat' dir='ltr'>Ilab.</span> <span class='ocrx_word' id='word_1_78' title='bbox 497 750 534 787; x_wconf 89' lang='lat' dir='ltr'>in</span> <span class='ocrx_word' id='word_1_79' title='bbox 567 761 715 789; x_wconf 88' lang='lat' dir='ltr'>oceano</span> <span class='ocrx_word' id='word_1_80' title='bbox 747 750 925 788; x_wconf 81' lang='lat' dir='ltr'>atlantico</span> <span class='ocrx_word' id='word_1_81' title='bbox 958 762 976 787; x_wconf 85' lang='lat' dir='ltr'>a</span> <span class='ocrx_word' id='word_1_82' title='bbox 1011 750 1138 788; x_wconf 81' lang='lat' dir='ltr'>littore</span> <span class='ocrx_word' id='word_1_83' title='bbox 1171 749 1429 798; x_wconf 74' lang='lat' dir='ltr'>llelgolandiae</span> <span class='ocrx_word' id='word_1_84' title='bbox 1462 753 1499 788; x_wconf 86' lang='lat' dir='ltr'>et</span> <span class='ocrx_word' id='word_1_85' title='bbox 1522 751 1708 790; x_wconf 84' lang='lat' dir='ltr'>Orcadum</span> <span class='ocrx_word' id='word_1_86' title='bbox 1739 763 1805 790; x_wconf 82' lang='lat' dir='ltr'>us-</span> 
     </span>
     <span class='ocr_line' id='line_1_11' title="bbox 267 816 608 865; baseline 0.015 -14"><span class='ocrx_word' id='word_1_87' title='bbox 267 827 341 865; x_wconf 85' lang='lat' dir='ltr'>que</span> <span class='ocrx_word' id='word_1_88' title='bbox 372 816 418 854; x_wconf 90' lang='lat' dir='ltr'>ad</span> <span class='ocrx_word' id='word_1_89' title='bbox 450 817 608 865; x_wconf 75' lang='lat' dir='ltr'>Tinginl</span> 
     </span>
    </p>
   </div>
   <div class='ocr_carea' id='block_1_5' title="bbox 265 905 1811 2348">
    <p class='ocr_par' dir='ltr' id='par_1_9' title="bbox 265 905 1811 2348">
     <span class='ocr_line' id='line_1_12' title="bbox 359 905 1807 953; baseline 0.005 -16"><span class='ocrx_word' id='word_1_90' title='bbox 359 905 467 939; x_wconf 80' lang='lat' dir='ltr'>Frons</span> <span class='ocrx_word' id='word_1_91' title='bbox 495 915 513 939; x_wconf 90' lang='lat' dir='ltr'>a</span> <span class='ocrx_word' id='word_1_92' title='bbox 540 907 658 940; x_wconf 81' lang='lat' dir='ltr'>radice</span> <span class='ocrx_word' id='word_1_93' title='bbox 697 909 834 940; x_wconf 85' lang='lat' dir='ltr'>scutata</span> <span class='ocrx_word' id='word_1_94' title='bbox 873 915 1035 949; x_wconf 76' lang='lat' dir='ltr'>surgens,</span> <span class='ocrx_word' id='word_1_95' title='bbox 1074 908 1195 948; x_wconf 78' lang='lat' dir='ltr'>stipite</span> <span class='ocrx_word' id='word_1_96' title='bbox 1233 908 1312 950; x_wconf 90' lang='lat' dir='ltr'>plus</span> <span class='ocrx_word' id='word_1_97' title='bbox 1341 909 1457 941; x_wconf 87' lang='lat' dir='ltr'>minus</span> <span class='ocrx_word' id='word_1_98' title='bbox 1484 909 1648 953; x_wconf 86' lang='lat' dir='ltr'>evidenti,</span> <span class='ocrx_word' id='word_1_99' title='bbox 1676 912 1807 944; x_wconf 82' lang='lat' dir='ltr'>sensim</span> 
     </span>
     <span class='ocr_line' id='line_1_13' title="bbox 266 965 1808 1009; baseline 0.003 -13"><span class='ocrx_word' id='word_1_100' title='bbox 266 966 300 997; x_wconf 89' lang='lat' dir='ltr'>in</span> <span class='ocrx_word' id='word_1_101' title='bbox 326 965 492 997; x_wconf 88' lang='lat' dir='ltr'>laminam</span> <span class='ocrx_word' id='word_1_102' title='bbox 519 965 683 1008; x_wconf 88' lang='lat' dir='ltr'>abeunte,</span> <span class='ocrx_word' id='word_1_103' title='bbox 708 966 873 1007; x_wconf 81' lang='lat' dir='ltr'>pollicem</span> <span class='ocrx_word' id='word_1_104' title='bbox 899 966 1002 1006; x_wconf 73' lang='lat' dir='ltr'>longa</span> <span class='ocrx_word' id='word_1_105' title='bbox 1029 968 1089 998; x_wconf 89' lang='lat' dir='ltr'>aut</span> <span class='ocrx_word' id='word_1_106' title='bbox 1116 975 1227 1008; x_wconf 80' lang='lat' dir='ltr'>usque</span> <span class='ocrx_word' id='word_1_107' title='bbox 1255 966 1440 1009; x_wconf 82' lang='lat' dir='ltr'>bipedalis,</span> <span class='ocrx_word' id='word_1_108' title='bbox 1468 976 1561 1000; x_wconf 88' lang='lat' dir='ltr'>nunc</span> <span class='ocrx_word' id='word_1_109' title='bbox 1587 968 1729 1001; x_wconf 83' lang='lat' dir='ltr'>linearis</span> <span class='ocrx_word' id='word_1_110' title='bbox 1751 970 1808 1002; x_wconf 72' lang='lat' dir='ltr'>vix</span> 
     </span>
     <span class='ocr_line' id='line_1_14' title="bbox 265 1023 1807 1066; baseline 0.003 -12"><span class='ocrx_word' id='word_1_111' title='bbox 265 1023 394 1055; x_wconf 88' lang='lat' dir='ltr'>lineam</span> <span class='ocrx_word' id='word_1_112' title='bbox 432 1024 502 1056; x_wconf 87' lang='lat' dir='ltr'>lata</span> <span class='ocrx_word' id='word_1_113' title='bbox 539 1032 583 1055; x_wconf 80' lang='lat' dir='ltr'>ex</span> <span class='ocrx_word' id='word_1_114' title='bbox 621 1024 843 1066; x_wconf 71' lang='lat' dir='ltr'>cylindraceo</span> <span class='ocrx_word' id='word_1_115' title='bbox 879 1032 1096 1066; x_wconf 80' lang='lat' dir='ltr'>compressa,</span> <span class='ocrx_word' id='word_1_116' title='bbox 1122 1034 1216 1057; x_wconf 88' lang='lat' dir='ltr'>nunc</span> <span class='ocrx_word' id='word_1_117' title='bbox 1242 1024 1482 1065; x_wconf 69' lang='lat' dir='ltr'>3-4pollices</span> <span class='ocrx_word' id='word_1_118' title='bbox 1509 1025 1576 1058; x_wconf 88' lang='lat' dir='ltr'>lata</span> <span class='ocrx_word' id='word_1_119' title='bbox 1606 1028 1640 1058; x_wconf 89' lang='lat' dir='ltr'>et</span> <span class='ocrx_word' id='word_1_120' title='bbox 1666 1029 1807 1059; x_wconf 89' lang='lat' dir='ltr'>omnino</span> 
     </span>
     <span class='ocr_line' id='line_1_15' title="bbox 265 1081 1808 1126; baseline 0.003 -14"><span class='ocrx_word' id='word_1_121' title='bbox 265 1081 381 1123; x_wconf 86' lang='lat' dir='ltr'>plana.</span> <span class='ocrx_word' id='word_1_122' title='bbox 442 1081 660 1114; x_wconf 84' lang='lat' dir='ltr'>Ramificatio</span> <span class='ocrx_word' id='word_1_123' title='bbox 699 1091 841 1124; x_wconf 89' lang='lat' dir='ltr'>semper</span> <span class='ocrx_word' id='word_1_124' title='bbox 882 1082 1094 1125; x_wconf 85' lang='lat' dir='ltr'>dichotoma,</span> <span class='ocrx_word' id='word_1_125' title='bbox 1133 1083 1197 1115; x_wconf 88' lang='lat' dir='ltr'>sed</span> <span class='ocrx_word' id='word_1_126' title='bbox 1236 1084 1270 1115; x_wconf 91' lang='lat' dir='ltr'>in</span> <span class='ocrx_word' id='word_1_127' title='bbox 1304 1082 1425 1115; x_wconf 80' lang='lat' dir='ltr'>formis</span> <span class='ocrx_word' id='word_1_128' title='bbox 1449 1082 1635 1116; x_wconf 86' lang='lat' dir='ltr'>latioribus</span> <span class='ocrx_word' id='word_1_129' title='bbox 1661 1084 1808 1126; x_wconf 83' lang='lat' dir='ltr'>subpal-</span> 
     </span>
     <span class='ocr_line' id='line_1_16' title="bbox 265 1140 1808 1181; baseline 0.004 -12"><span class='ocrx_word' id='word_1_130' title='bbox 265 1141 369 1181; x_wconf 84' lang='lat' dir='ltr'>mata,</span> <span class='ocrx_word' id='word_1_131' title='bbox 396 1141 590 1178; x_wconf 80' lang='lat' dir='ltr'><strong>segmentis</strong></span> <span class='ocrx_word' id='word_1_132' title='bbox 617 1140 777 1180; x_wconf 89' lang='lat' dir='ltr'>pluribus</span> <span class='ocrx_word' id='word_1_133' title='bbox 806 1140 928 1172; x_wconf 82' lang='lat' dir='ltr'>eadem</span> <span class='ocrx_word' id='word_1_134' title='bbox 956 1140 1139 1173; x_wconf 76' lang='lat' dir='ltr'>altitudine</span> <span class='ocrx_word' id='word_1_135' title='bbox 1166 1140 1426 1173; x_wconf 83' lang='lat' dir='ltr'>inchoantibus.</span> <span class='ocrx_word' id='word_1_136' title='bbox 1455 1140 1643 1181; x_wconf 83' lang='lat' dir='ltr'>Segmenta</span> <span class='ocrx_word' id='word_1_137' title='bbox 1663 1142 1808 1175; x_wconf 78' lang='lat' dir='ltr'>linearia</span> 
     </span>
     <span class='ocr_line' id='line_1_17' title="bbox 266 1195 1809 1241; baseline 0.003 -13"><span class='ocrx_word' id='word_1_138' title='bbox 266 1199 326 1228; x_wconf 84' lang='lat' dir='ltr'>ant</span> <span class='ocrx_word' id='word_1_139' title='bbox 351 1195 581 1240; x_wconf 87' lang='lat' dir='ltr'>subcuneata,</span> <span class='ocrx_word' id='word_1_140' title='bbox 609 1206 749 1240; x_wconf 85' lang='lat' dir='ltr'>semper</span> <span class='ocrx_word' id='word_1_141' title='bbox 775 1199 1011 1241; x_wconf 80' lang='lat' dir='ltr'>integerrima,</span> <span class='ocrx_word' id='word_1_142' title='bbox 1038 1199 1117 1239; x_wconf 85' lang='lat' dir='ltr'>plus</span> <span class='ocrx_word' id='word_1_143' title='bbox 1144 1200 1259 1231; x_wconf 88' lang='lat' dir='ltr'>minus</span> <span class='ocrx_word' id='word_1_144' title='bbox 1284 1198 1538 1241; x_wconf 71' lang='lat' dir='ltr'>decomposita,</span> <span class='ocrx_word' id='word_1_145' title='bbox 1555 1199 1670 1232; x_wconf 80' lang='lat' dir='ltr'>axillis</span> <span class='ocrx_word' id='word_1_146' title='bbox 1685 1202 1809 1233; x_wconf 87' lang='lat' dir='ltr'>rotun-</span> 
     </span>
     <span class='ocr_line' id='line_1_18' title="bbox 267 1253 1809 1302; baseline 0.003 -16"><span class='ocrx_word' id='word_1_147' title='bbox 267 1253 370 1286; x_wconf 80' lang='lat' dir='ltr'>datis.</span> <span class='ocrx_word' id='word_1_148' title='bbox 419 1253 528 1287; x_wconf 77' lang='lat' dir='ltr'>Frons</span> <span class='ocrx_word' id='word_1_149' title='bbox 554 1264 647 1288; x_wconf 89' lang='lat' dir='ltr'>nnnc</span> <span class='ocrx_word' id='word_1_150' title='bbox 674 1256 777 1299; x_wconf 83' lang='lat' dir='ltr'>nuda,</span> <span class='ocrx_word' id='word_1_151' title='bbox 805 1264 897 1288; x_wconf 88' lang='lat' dir='ltr'>nunc</span> <span class='ocrx_word' id='word_1_152' title='bbox 925 1264 943 1288; x_wconf 87' lang='lat' dir='ltr'>a</span> <span class='ocrx_word' id='word_1_153' title='bbox 969 1258 1126 1297; x_wconf 76' lang='lat' dir='ltr'>margine</span> <span class='ocrx_word' id='word_1_154' title='bbox 1152 1257 1231 1299; x_wconf 88' lang='lat' dir='ltr'>plus</span> <span class='ocrx_word' id='word_1_155' title='bbox 1259 1257 1375 1289; x_wconf 90' lang='lat' dir='ltr'>minus</span> <span class='ocrx_word' id='word_1_156' title='bbox 1404 1257 1514 1289; x_wconf 85' lang='lat' dir='ltr'>dense</span> <span class='ocrx_word' id='word_1_157' title='bbox 1529 1257 1809 1302; x_wconf 85' lang='lat' dir='ltr'>prolisera,pro-</span> 
     </span>
     <span class='ocr_line' id='line_1_19' title="bbox 266 1313 1809 1359; baseline 0.003 -14"><span class='ocrx_word' id='word_1_158' title='bbox 266 1313 516 1347; x_wconf 81' lang='lat' dir='ltr'>liticationibns</span> <span class='ocrx_word' id='word_1_159' title='bbox 544 1314 787 1348; x_wconf 85' lang='lat' dir='ltr'>ciliisormibus</span> <span class='ocrx_word' id='word_1_160' title='bbox 805 1318 864 1348; x_wconf 90' lang='lat' dir='ltr'>aut</span> <span class='ocrx_word' id='word_1_161' title='bbox 878 1318 1059 1355; x_wconf 81' lang='lat' dir='ltr'>segmenta</span> <span class='ocrx_word' id='word_1_162' title='bbox 1076 1315 1146 1348; x_wconf 87' lang='lat' dir='ltr'>lata</span> <span class='ocrx_word' id='word_1_163' title='bbox 1161 1315 1294 1348; x_wconf 80' lang='lat' dir='ltr'>frondis</span> <span class='ocrx_word' id='word_1_164' title='bbox 1310 1315 1570 1359; x_wconf 63' lang='lat' dir='ltr'>aemulantibus,</span> <span class='ocrx_word' id='word_1_165' title='bbox 1587 1316 1809 1358; x_wconf 81' lang='lat' dir='ltr'>simplicibus</span> 
     </span>
     <span class='ocr_line' id='line_1_20' title="bbox 267 1371 1810 1417; baseline 0.003 -14"><span class='ocrx_word' id='word_1_166' title='bbox 267 1373 326 1404; x_wconf 90' lang='lat' dir='ltr'>aut</span> <span class='ocrx_word' id='word_1_167' title='bbox 352 1371 574 1415; x_wconf 84' lang='lat' dir='ltr'>dichotomis,</span> <span class='ocrx_word' id='word_1_168' title='bbox 600 1373 791 1406; x_wconf 79' lang='lat' dir='ltr'>linearibus</span> <span class='ocrx_word' id='word_1_169' title='bbox 819 1373 1037 1416; x_wconf 75' lang='lat' dir='ltr'>oblongisve,</span> <span class='ocrx_word' id='word_1_170' title='bbox 1064 1374 1176 1407; x_wconf 79' lang='lat' dir='ltr'>acutis</span> <span class='ocrx_word' id='word_1_171' title='bbox 1204 1376 1263 1407; x_wconf 87' lang='lat' dir='ltr'>aut</span> <span class='ocrx_word' id='word_1_172' title='bbox 1289 1373 1554 1415; x_wconf 86' lang='lat' dir='ltr'>obtusiusculis,</span> <span class='ocrx_word' id='word_1_173' title='bbox 1577 1373 1653 1407; x_wconf 88' lang='lat' dir='ltr'>basi</span> <span class='ocrx_word' id='word_1_174' title='bbox 1669 1383 1810 1417; x_wconf 85' lang='lat' dir='ltr'>semper</span> 
     </span>
     <span class='ocr_line' id='line_1_21' title="bbox 267 1430 1810 1473; baseline 0.002 -11"><span class='ocrx_word' id='word_1_175' title='bbox 267 1431 468 1464; x_wconf 74' lang='lat' dir='ltr'>attenuatis.</span> <span class='ocrx_word' id='word_1_176' title='bbox 507 1430 655 1463; x_wconf 85' lang='lat' dir='ltr'>Favellae</span> <span class='ocrx_word' id='word_1_177' title='bbox 681 1440 745 1472; x_wconf 85' lang='lat' dir='ltr'>per</span> <span class='ocrx_word' id='word_1_178' title='bbox 771 1433 879 1463; x_wconf 85' lang='lat' dir='ltr'>totam</span> <span class='ocrx_word' id='word_1_179' title='bbox 906 1432 1130 1473; x_wconf 78' lang='lat' dir='ltr'>superficiem</span> <span class='ocrx_word' id='word_1_180' title='bbox 1158 1440 1304 1473; x_wconf 84' lang='lat' dir='ltr'>sparsae.</span> <span class='ocrx_word' id='word_1_181' title='bbox 1346 1431 1448 1464; x_wconf 91' lang='lat' dir='ltr'>Color</span> <span class='ocrx_word' id='word_1_182' title='bbox 1474 1433 1676 1466; x_wconf 87' lang='lat' dir='ltr'>coccineus.</span> <span class='ocrx_word' id='word_1_183' title='bbox 1718 1432 1810 1465; x_wconf 88' lang='lat' dir='ltr'>Sub-</span> 
     </span>
     <span class='ocr_line' id='line_1_22' title="bbox 266 1488 1810 1532; baseline 0.003 -13"><span class='ocrx_word' id='word_1_184' title='bbox 266 1489 396 1521; x_wconf 82' lang='lat' dir='ltr'>stantia</span> <span class='ocrx_word' id='word_1_185' title='bbox 429 1488 932 1528; x_wconf 82' lang='lat' dir='ltr'>gelatinoso-membranacea.</span> <span class='ocrx_word' id='word_1_186' title='bbox 991 1489 1134 1523; x_wconf 81' lang='lat' dir='ltr'>Cellulae</span> <span class='ocrx_word' id='word_1_187' title='bbox 1161 1491 1261 1523; x_wconf 81' lang='lat' dir='ltr'>strati</span> <span class='ocrx_word' id='word_1_188' title='bbox 1287 1490 1500 1531; x_wconf 83' lang='lat' dir='ltr'>peripherici</span> <span class='ocrx_word' id='word_1_189' title='bbox 1527 1492 1670 1524; x_wconf 82' lang='lat' dir='ltr'>minutae</span> <span class='ocrx_word' id='word_1_190' title='bbox 1697 1500 1810 1532; x_wconf 80' lang='lat' dir='ltr'>angu-</span> 
     </span>
     <span class='ocr_line' id='line_1_23' title="bbox 267 1547 1810 1592; baseline 0.003 -14"><span class='ocrx_word' id='word_1_191' title='bbox 267 1547 572 1591; x_wconf 78' lang='lat' dir='ltr'>lato-rotundatae,</span> <span class='ocrx_word' id='word_1_192' title='bbox 600 1549 704 1581; x_wconf 88' lang='lat' dir='ltr'>unica</span> <span class='ocrx_word' id='word_1_193' title='bbox 741 1549 833 1581; x_wconf 87' lang='lat' dir='ltr'>serie</span> <span class='ocrx_word' id='word_1_194' title='bbox 872 1548 1068 1591; x_wconf 74' lang='lat' dir='ltr'>dispositre,</span> <span class='ocrx_word' id='word_1_195' title='bbox 1094 1549 1297 1590; x_wconf 82' lang='lat' dir='ltr'>superficiei</span> <span class='ocrx_word' id='word_1_196' title='bbox 1324 1548 1395 1581; x_wconf 86' lang='lat' dir='ltr'>fere</span> <span class='ocrx_word' id='word_1_197' title='bbox 1421 1549 1610 1592; x_wconf 74' lang='lat' dir='ltr'>parallelae,</span> <span class='ocrx_word' id='word_1_198' title='bbox 1639 1549 1810 1582; x_wconf 85' lang='lat' dir='ltr'>divisione</span> 
     </span>
     <span class='ocr_line' id='line_1_24' title="bbox 267 1599 1811 1648; baseline 0.003 -12"><span class='ocrx_word' id='word_1_199' title='bbox 267 1606 434 1637; x_wconf 86' lang='lat' dir='ltr'>continua</span> <span class='ocrx_word' id='word_1_200' title='bbox 463 1608 500 1639; x_wconf 90' lang='lat' dir='ltr'>ut</span> <span class='ocrx_word' id='word_1_201' title='bbox 524 1606 664 1639; x_wconf 83' lang='lat' dir='ltr'>videtur</span> <span class='ocrx_word' id='word_1_202' title='bbox 697 1606 939 1647; x_wconf 59' lang='lat' dir='ltr'>multiplicatae</span> <span class='ocrx_word' id='word_1_203' title='bbox 966 1608 1002 1639; x_wconf 88' lang='lat' dir='ltr'>et</span> <span class='ocrx_word' id='word_1_204' title='bbox 1026 1606 1108 1639; x_wconf 87' lang='lat' dir='ltr'>hinc</span> <span class='ocrx_word' id='word_1_205' title='bbox 1135 1614 1153 1638; x_wconf 86' lang='lat' dir='ltr'>a</span> <span class='ocrx_word' id='word_1_206' title='bbox 1178 1606 1366 1647; x_wconf 83' lang='lat' dir='ltr'>superficie</span> <span class='ocrx_word' id='word_1_207' title='bbox 1396 1599 1480 1639; x_wconf 81' lang='lat' dir='ltr'>visae</span> <span class='ocrx_word' id='word_1_208' title='bbox 1508 1608 1710 1648; x_wconf 73' lang='lat' dir='ltr'>gemmatim</span> <span class='ocrx_word' id='word_1_209' title='bbox 1737 1609 1811 1640; x_wconf 87' lang='lat' dir='ltr'>ter-</span> 
     </span>
     <span class='ocr_line' id='line_1_25' title="bbox 266 1664 1809 1708; baseline 0.001 -13"><span class='ocrx_word' id='word_1_210' title='bbox 266 1664 421 1696; x_wconf 84' lang='lat' dir='ltr'>natimve</span> <span class='ocrx_word' id='word_1_211' title='bbox 459 1665 714 1706; x_wconf 84' lang='lat' dir='ltr'>approximatae</span> <span class='ocrx_word' id='word_1_212' title='bbox 757 1666 816 1697; x_wconf 87' lang='lat' dir='ltr'>aut</span> <span class='ocrx_word' id='word_1_213' title='bbox 847 1673 950 1706; x_wconf 80' lang='lat' dir='ltr'>aeque</span> <span class='ocrx_word' id='word_1_214' title='bbox 978 1664 1162 1696; x_wconf 85' lang='lat' dir='ltr'>distantes.</span> <span class='ocrx_word' id='word_1_215' title='bbox 1211 1664 1283 1696; x_wconf 90' lang='lat' dir='ltr'>Fila</span> <span class='ocrx_word' id='word_1_216' title='bbox 1312 1665 1480 1697; x_wconf 88' lang='lat' dir='ltr'>interiora</span> <span class='ocrx_word' id='word_1_217' title='bbox 1507 1667 1589 1698; x_wconf 86' lang='lat' dir='ltr'>sunt</span> <span class='ocrx_word' id='word_1_218' title='bbox 1616 1665 1809 1708; x_wconf 79' lang='lat' dir='ltr'>laxissima,</span> 
     </span>
     <span class='ocr_line' id='line_1_26' title="bbox 266 1721 1810 1766; baseline 0.003 -14"><span class='ocrx_word' id='word_1_219' title='bbox 266 1721 417 1762; x_wconf 88' lang='lat' dir='ltr'>plurima</span> <span class='ocrx_word' id='word_1_220' title='bbox 456 1723 546 1754; x_wconf 90' lang='lat' dir='ltr'>inter</span> <span class='ocrx_word' id='word_1_221' title='bbox 584 1724 767 1764; x_wconf 85' lang='lat' dir='ltr'>utriusque</span> <span class='ocrx_word' id='word_1_222' title='bbox 804 1724 943 1763; x_wconf 80' lang='lat' dir='ltr'>paginae</span> <span class='ocrx_word' id='word_1_223' title='bbox 970 1722 1211 1755; x_wconf 82' lang='lat' dir='ltr'>membranam</span> <span class='ocrx_word' id='word_1_224' title='bbox 1238 1724 1396 1766; x_wconf 73' lang='lat' dir='ltr'>extensa,</span> <span class='ocrx_word' id='word_1_225' title='bbox 1424 1723 1588 1756; x_wconf 83' lang='lat' dir='ltr'>nonnulla</span> <span class='ocrx_word' id='word_1_226' title='bbox 1616 1723 1810 1764; x_wconf 82' lang='lat' dir='ltr'>longitudi-</span> 
     </span>
     <span class='ocr_line' id='line_1_27' title="bbox 266 1780 1810 1824; baseline 0 -12"><span class='ocrx_word' id='word_1_227' title='bbox 266 1780 394 1812; x_wconf 82' lang='lat' dir='ltr'>naliter</span> <span class='ocrx_word' id='word_1_228' title='bbox 420 1782 655 1824; x_wconf 79' lang='lat' dir='ltr'>excurrentia,</span> <span class='ocrx_word' id='word_1_229' title='bbox 682 1783 830 1823; x_wconf 86' lang='lat' dir='ltr'>utraque</span> <span class='ocrx_word' id='word_1_230' title='bbox 857 1781 1142 1814; x_wconf 83' lang='lat' dir='ltr'>anastomosibus</span> <span class='ocrx_word' id='word_1_231' title='bbox 1165 1781 1299 1824; x_wconf 86' lang='lat' dir='ltr'>juncta,</span> <span class='ocrx_word' id='word_1_232' title='bbox 1338 1781 1514 1813; x_wconf 86' lang='lat' dir='ltr'>mediante</span> <span class='ocrx_word' id='word_1_233' title='bbox 1543 1780 1666 1813; x_wconf 85' lang='lat' dir='ltr'>cellula</span> <span class='ocrx_word' id='word_1_234' title='bbox 1697 1790 1810 1813; x_wconf 89' lang='lat' dir='ltr'>mem-</span> 
     </span>
     <span class='ocr_line' id='line_1_28' title="bbox 266 1837 1810 1882; baseline 0.002 -13"><span class='ocrx_word' id='word_1_235' title='bbox 266 1837 413 1870; x_wconf 77' lang='lat' dir='ltr'>branam</span> <span class='ocrx_word' id='word_1_236' title='bbox 439 1838 658 1882; x_wconf 76' lang='lat' dir='ltr'>subjacente,</span> <span class='ocrx_word' id='word_1_237' title='bbox 694 1839 776 1872; x_wconf 86' lang='lat' dir='ltr'>huic</span> <span class='ocrx_word' id='word_1_238' title='bbox 809 1839 973 1880; x_wconf 77' lang='lat' dir='ltr'>apicibus</span> <span class='ocrx_word' id='word_1_239' title='bbox 1001 1839 1144 1881; x_wconf 78' lang='lat' dir='ltr'>adnata,</span> <span class='ocrx_word' id='word_1_240' title='bbox 1171 1840 1336 1871; x_wconf 74' lang='lat' dir='ltr'>constant</span> <span class='ocrx_word' id='word_1_241' title='bbox 1360 1838 1444 1871; x_wconf 88' lang='lat' dir='ltr'>tubo</span> <span class='ocrx_word' id='word_1_242' title='bbox 1474 1838 1610 1881; x_wconf 80' lang='lat' dir='ltr'>hyalino</span> <span class='ocrx_word' id='word_1_243' title='bbox 1638 1841 1673 1872; x_wconf 88' lang='lat' dir='ltr'>et</span> <span class='ocrx_word' id='word_1_244' title='bbox 1698 1840 1810 1872; x_wconf 89' lang='lat' dir='ltr'>endo-</span> 
     </span>
     <span class='ocr_line' id='line_1_29' title="bbox 268 1895 1810 1940; baseline 0.002 -13"><span class='ocrx_word' id='word_1_245' title='bbox 268 1895 449 1929; x_wconf 84' lang='lat' dir='ltr'>chromate</span> <span class='ocrx_word' id='word_1_246' title='bbox 487 1896 712 1929; x_wconf 86' lang='lat' dir='ltr'>subcolorato</span> <span class='ocrx_word' id='word_1_247' title='bbox 752 1897 957 1940; x_wconf 62' lang='lat' dir='ltr'>cylindrico,</span> <span class='ocrx_word' id='word_1_248' title='bbox 990 1897 1034 1929; x_wconf 82' lang='lat' dir='ltr'>ad</span> <span class='ocrx_word' id='word_1_249' title='bbox 1059 1897 1222 1937; x_wconf 83' lang='lat' dir='ltr'>genicula</span> <span class='ocrx_word' id='word_1_250' title='bbox 1248 1897 1428 1938; x_wconf 84' lang='lat' dir='ltr'>paululum</span> <span class='ocrx_word' id='word_1_251' title='bbox 1456 1897 1611 1930; x_wconf 89' lang='lat' dir='ltr'>dilatato.</span> <span class='ocrx_word' id='word_1_252' title='bbox 1661 1897 1810 1931; x_wconf 76' lang='lat' dir='ltr'>Favelloe</span> 
     </span>
     <span class='ocr_line' id='line_1_30' title="bbox 267 1951 1809 1998; baseline 0.003 -14"><span class='ocrx_word' id='word_1_253' title='bbox 267 1951 357 1985; x_wconf 83' lang='lat' dir='ltr'>infra</span> <span class='ocrx_word' id='word_1_254' title='bbox 383 1954 607 1995; x_wconf 87' lang='lat' dir='ltr'>superficiem</span> <span class='ocrx_word' id='word_1_255' title='bbox 635 1957 818 1996; x_wconf 84' lang='lat' dir='ltr'>utramque</span> <span class='ocrx_word' id='word_1_256' title='bbox 851 1956 1085 1988; x_wconf 80' lang='lat' dir='ltr'>circumcirca</span> <span class='ocrx_word' id='word_1_257' title='bbox 1118 1955 1301 1995; x_wconf 76' lang='lat' dir='ltr'>dispositae</span> <span class='ocrx_word' id='word_1_258' title='bbox 1331 1957 1365 1987; x_wconf 85' lang='lat' dir='ltr'>et</span> <span class='ocrx_word' id='word_1_259' title='bbox 1390 1956 1532 1987; x_wconf 90' lang='lat' dir='ltr'>omnino</span> <span class='ocrx_word' id='word_1_260' title='bbox 1559 1955 1719 1997; x_wconf 85' lang='lat' dir='ltr'>inclusae,</span> <span class='ocrx_word' id='word_1_261' title='bbox 1745 1965 1809 1998; x_wconf 89' lang='lat' dir='ltr'>pro</span> 
     </span>
     <span class='ocr_line' id='line_1_31' title="bbox 268 2011 1809 2056; baseline 0.001 -13"><span class='ocrx_word' id='word_1_262' title='bbox 268 2011 508 2051; x_wconf 78' lang='lat' dir='ltr'>magnitudine</span> <span class='ocrx_word' id='word_1_263' title='bbox 535 2013 664 2053; x_wconf 69' lang='lat' dir='ltr'>planta&gt;</span> <span class='ocrx_word' id='word_1_264' title='bbox 691 2013 846 2056; x_wconf 72' lang='lat' dir='ltr'>minntoe,</span> <span class='ocrx_word' id='word_1_265' title='bbox 872 2013 939 2046; x_wconf 85' lang='lat' dir='ltr'>filis</span> <span class='ocrx_word' id='word_1_266' title='bbox 968 2012 1205 2046; x_wconf 86' lang='lat' dir='ltr'>ambientibus</span> <span class='ocrx_word' id='word_1_267' title='bbox 1233 2013 1357 2054; x_wconf 80' lang='lat' dir='ltr'>paucis</span> <span class='ocrx_word' id='word_1_268' title='bbox 1379 2021 1577 2055; x_wconf 84' lang='lat' dir='ltr'>suspensae,</span> <span class='ocrx_word' id='word_1_269' title='bbox 1592 2013 1683 2045; x_wconf 90' lang='lat' dir='ltr'>intra</span> <span class='ocrx_word' id='word_1_270' title='bbox 1698 2022 1809 2045; x_wconf 88' lang='lat' dir='ltr'>mem-</span> 
     </span>
     <span class='ocr_line' id='line_1_32' title="bbox 267 2070 1811 2113; baseline 0.002 -11"><span class='ocrx_word' id='word_1_271' title='bbox 267 2070 413 2103; x_wconf 85' lang='lat' dir='ltr'>branam</span> <span class='ocrx_word' id='word_1_272' title='bbox 440 2071 672 2111; x_wconf 80' lang='lat' dir='ltr'>gelatinosam</span> <span class='ocrx_word' id='word_1_273' title='bbox 699 2071 897 2104; x_wconf 80' lang='lat' dir='ltr'>evidentem</span> <span class='ocrx_word' id='word_1_274' title='bbox 930 2071 1105 2113; x_wconf 78' lang='lat' dir='ltr'>liyalinam</span> <span class='ocrx_word' id='word_1_275' title='bbox 1138 2072 1326 2112; x_wconf 79' lang='lat' dir='ltr'>gemmidia</span> <span class='ocrx_word' id='word_1_276' title='bbox 1354 2072 1388 2103; x_wconf 92' lang='lat' dir='ltr'>in</span> <span class='ocrx_word' id='word_1_277' title='bbox 1414 2071 1577 2104; x_wconf 79' lang='lat' dir='ltr'>nucleum</span> <span class='ocrx_word' id='word_1_278' title='bbox 1607 2071 1715 2104; x_wconf 87' lang='lat' dir='ltr'>dense</span> <span class='ocrx_word' id='word_1_279' title='bbox 1743 2074 1811 2105; x_wconf 87' lang='lat' dir='ltr'>sti-</span> 
     </span>
     <span class='ocr_line' id='line_1_33' title="bbox 267 2129 1810 2173; baseline 0.001 -12"><span class='ocrx_word' id='word_1_280' title='bbox 267 2131 348 2170; x_wconf 80' lang='lat' dir='ltr'>pata</span> <span class='ocrx_word' id='word_1_281' title='bbox 375 2129 525 2171; x_wconf 88' lang='lat' dir='ltr'>plurima</span> <span class='ocrx_word' id='word_1_282' title='bbox 552 2129 681 2162; x_wconf 77' lang='lat' dir='ltr'>fovent.</span> <span class='ocrx_word' id='word_1_283' title='bbox 732 2129 894 2162; x_wconf 76' lang='lat' dir='ltr'>placenta</span> <span class='ocrx_word' id='word_1_284' title='bbox 922 2130 1087 2162; x_wconf 81' lang='lat' dir='ltr'>centralis</span> <span class='ocrx_word' id='word_1_285' title='bbox 1114 2130 1251 2163; x_wconf 86' lang='lat' dir='ltr'>inclusa</span> <span class='ocrx_word' id='word_1_286' title='bbox 1292 2130 1417 2162; x_wconf 80' lang='lat' dir='ltr'>adesse</span> <span class='ocrx_word' id='word_1_287' title='bbox 1454 2130 1602 2173; x_wconf 88' lang='lat' dir='ltr'>videtur,</span> <span class='ocrx_word' id='word_1_288' title='bbox 1638 2129 1701 2162; x_wconf 87' lang='lat' dir='ltr'>scd</span> <span class='ocrx_word' id='word_1_289' title='bbox 1734 2130 1810 2164; x_wconf 82' lang='lat' dir='ltr'>hoec</span> 
     </span>
     <span class='ocr_line' id='line_1_34' title="bbox 269 2188 1809 2233; baseline 0 -12"><span class='ocrx_word' id='word_1_290' title='bbox 269 2190 468 2230; x_wconf 74' lang='lat' dir='ltr'>gemmidiis</span> <span class='ocrx_word' id='word_1_291' title='bbox 507 2189 645 2231; x_wconf 78' lang='lat' dir='ltr'>stipatis</span> <span class='ocrx_word' id='word_1_292' title='bbox 684 2189 877 2231; x_wconf 71' lang='lat' dir='ltr'>occultata,</span> <span class='ocrx_word' id='word_1_293' title='bbox 916 2188 1106 2228; x_wconf 78' lang='lat' dir='ltr'>gemmidia</span> <span class='ocrx_word' id='word_1_294' title='bbox 1140 2188 1182 2221; x_wconf 83' lang='lat' dir='ltr'>al)</span> <span class='ocrx_word' id='word_1_295' title='bbox 1216 2188 1281 2221; x_wconf 82' lang='lat' dir='ltr'>hac</span> <span class='ocrx_word' id='word_1_296' title='bbox 1308 2188 1568 2231; x_wconf 85' lang='lat' dir='ltr'>quodammodo</span> <span class='ocrx_word' id='word_1_297' title='bbox 1595 2188 1809 2233; x_wconf 77' lang='lat' dir='ltr'>irradianti-a,</span> 
     </span>
     <span class='ocr_line' id='line_1_35' title="bbox 268 2246 1810 2290; baseline 0.001 -11"><span class='ocrx_word' id='word_1_298' title='bbox 268 2248 345 2280; x_wconf 82' lang='lat' dir='ltr'>basi</span> <span class='ocrx_word' id='word_1_299' title='bbox 371 2248 545 2290; x_wconf 65' lang='lat' dir='ltr'>placentae</span> <span class='ocrx_word' id='word_1_300' title='bbox 571 2246 812 2279; x_wconf 85' lang='lat' dir='ltr'>membranam</span> <span class='ocrx_word' id='word_1_301' title='bbox 839 2248 1033 2290; x_wconf 83' lang='lat' dir='ltr'>externam,</span> <span class='ocrx_word' id='word_1_302' title='bbox 1060 2247 1161 2289; x_wconf 83' lang='lat' dir='ltr'>apice</span> <span class='ocrx_word' id='word_1_303' title='bbox 1189 2249 1224 2280; x_wconf 85' lang='lat' dir='ltr'>ct</span> <span class='ocrx_word' id='word_1_304' title='bbox 1249 2247 1448 2288; x_wconf 76' lang='lat' dir='ltr'>gemmidiis</span> <span class='ocrx_word' id='word_1_305' title='bbox 1464 2248 1641 2280; x_wconf 86' lang='lat' dir='ltr'>internum</span> <span class='ocrx_word' id='word_1_306' title='bbox 1657 2248 1810 2290; x_wconf 86' lang='lat' dir='ltr'>spatium</span> 
     </span>
     <span class='ocr_line' id='line_1_36' title="bbox 270 2305 1013 2348; baseline 0 -11"><span class='ocrx_word' id='word_1_307' title='bbox 270 2305 528 2348; x_wconf 71' lang='lat' dir='ltr'>spectantibus.</span> <span class='ocrx_word' id='word_1_308' title='bbox 580 2305 844 2347; x_wconf 60' lang='lat' dir='ltr'>Spliaerosporte</span> <span class='ocrx_word' id='word_1_309' title='bbox 870 2306 1013 2346; x_wconf 60' lang='lat' dir='ltr'>ignotae.</span> 
     </span>
    </p>
   </div>
   <div class='ocr_carea' id='block_1_6' title="bbox 269 2385 1809 2664">
    <p class='ocr_par' dir='ltr' id='par_1_10' title="bbox 269 2385 1809 2664">
     <span class='ocr_line' id='line_1_37' title="bbox 364 2385 1809 2430; baseline -0.002 -9"><span class='ocrx_word' id='word_1_310' title='bbox 364 2388 488 2427; x_wconf 86' lang='lat' dir='ltr'>Quoad</span> <span class='ocrx_word' id='word_1_311' title='bbox 527 2387 673 2420; x_wconf 85' lang='lat' dir='ltr'>sormam</span> <span class='ocrx_word' id='word_1_312' title='bbox 711 2387 812 2420; x_wconf 90' lang='lat' dir='ltr'>valde</span> <span class='ocrx_word' id='word_1_313' title='bbox 853 2389 1002 2430; x_wconf 85' lang='lat' dir='ltr'>varians,</span> <span class='ocrx_word' id='word_1_314' title='bbox 1042 2388 1218 2420; x_wconf 82' lang='lat' dir='ltr'>structura</span> <span class='ocrx_word' id='word_1_315' title='bbox 1258 2396 1398 2429; x_wconf 85' lang='lat' dir='ltr'>semper</span> <span class='ocrx_word' id='word_1_316' title='bbox 1432 2387 1686 2427; x_wconf 79' lang='lat' dir='ltr'>dignoscenda.</span> <span class='ocrx_word' id='word_1_317' title='bbox 1735 2385 1809 2419; x_wconf 92' lang='lat' dir='ltr'>Du-</span> 
     </span>
     <span class='ocr_line' id='line_1_38' title="bbox 270 2443 1808 2487; baseline -0.002 -9"><span class='ocrx_word' id='word_1_318' title='bbox 270 2448 401 2478; x_wconf 81' lang='lat' dir='ltr'>montia</span> <span class='ocrx_word' id='word_1_319' title='bbox 428 2443 626 2478; x_wconf 79' lang='lat' dir='ltr'>Calvadosii</span> <span class='ocrx_word' id='word_1_320' title='bbox 654 2445 814 2478; x_wconf 84' lang='lat' dir='ltr'>Lamour.</span> <span class='ocrx_word' id='word_1_321' title='bbox 842 2445 959 2487; x_wconf 84' lang='lat' dir='ltr'>quoad</span> <span class='ocrx_word' id='word_1_322' title='bbox 984 2446 1122 2477; x_wconf 87' lang='lat' dir='ltr'>iconem</span> <span class='ocrx_word' id='word_1_323' title='bbox 1149 2445 1266 2478; x_wconf 89' lang='lat' dir='ltr'>datam</span> <span class='ocrx_word' id='word_1_324' title='bbox 1293 2445 1512 2478; x_wconf 83' lang='lat' dir='ltr'>liuctrahere</span> <span class='ocrx_word' id='word_1_325' title='bbox 1527 2446 1583 2477; x_wconf 80' lang='lat' dir='ltr'>vix</span> <span class='ocrx_word' id='word_1_326' title='bbox 1599 2444 1808 2486; x_wconf 82' lang='lat' dir='ltr'>dubitarem,</span> 
     </span>
     <span class='ocr_line' id='line_1_39' title="bbox 270 2503 1808 2547; baseline -0.001 -11"><span class='ocrx_word' id='word_1_327' title='bbox 270 2505 333 2537; x_wconf 82' lang='lat' dir='ltr'>sed</span> <span class='ocrx_word' id='word_1_328' title='bbox 370 2506 564 2547; x_wconf 84' lang='lat' dir='ltr'>specimina</span> <span class='ocrx_word' id='word_1_329' title='bbox 603 2504 702 2545; x_wconf 91' lang='lat' dir='ltr'>plura</span> <span class='ocrx_word' id='word_1_330' title='bbox 743 2504 785 2536; x_wconf 84' lang='lat' dir='ltr'>ab</span> <span class='ocrx_word' id='word_1_331' title='bbox 825 2504 977 2536; x_wconf 85' lang='lat' dir='ltr'>Auctore</span> <span class='ocrx_word' id='word_1_332' title='bbox 1018 2503 1217 2547; x_wconf 85' lang='lat' dir='ltr'>distributa,</span> <span class='ocrx_word' id='word_1_333' title='bbox 1257 2503 1301 2536; x_wconf 86' lang='lat' dir='ltr'>ad</span> <span class='ocrx_word' id='word_1_334' title='bbox 1337 2503 1563 2543; x_wconf 82' lang='lat' dir='ltr'>Mesogloiam</span> <span class='ocrx_word' id='word_1_335' title='bbox 1594 2510 1808 2543; x_wconf 84' lang='lat' dir='ltr'>purpuream</span> 
     </span>
     <span class='ocr_line' id='line_1_40' title="bbox 269 2560 1807 2604; baseline 0 -11"><span class='ocrx_word' id='word_1_336' title='bbox 269 2563 458 2603; x_wconf 82' lang='lat' dir='ltr'>pertinent.</span> <span class='ocrx_word' id='word_1_337' title='bbox 519 2562 570 2595; x_wconf 83' lang='lat' dir='ltr'>Ad</span> <span class='ocrx_word' id='word_1_338' title='bbox 608 2562 647 2596; x_wconf 93' lang='lat' dir='ltr'>H.</span> <span class='ocrx_word' id='word_1_339' title='bbox 686 2563 864 2603; x_wconf 82' lang='lat' dir='ltr'>ligulatam</span> <span class='ocrx_word' id='word_1_340' title='bbox 899 2562 1012 2596; x_wconf 86' lang='lat' dir='ltr'>resero</span> <span class='ocrx_word' id='word_1_341' title='bbox 1039 2563 1193 2595; x_wconf 84' lang='lat' dir='ltr'>Platonia</span> <span class='ocrx_word' id='word_1_342' title='bbox 1222 2563 1426 2595; x_wconf 91' lang='lat' dir='ltr'>undulatum</span> <span class='ocrx_word' id='word_1_343' title='bbox 1453 2560 1639 2602; x_wconf 75' lang='lat' dir='ltr'>(Soliousb.</span> <span class='ocrx_word' id='word_1_344' title='bbox 1666 2563 1807 2604; x_wconf 58' lang='lat' dir='ltr'>maest),</span> 
     </span>
     <span class='ocr_line' id='line_1_41' title="bbox 271 2619 1807 2664; baseline -0.001 -10"><span class='ocrx_word' id='word_1_345' title='bbox 271 2621 370 2663; x_wconf 82' lang='lat' dir='ltr'>cujus</span> <span class='ocrx_word' id='word_1_346' title='bbox 396 2623 531 2654; x_wconf 84' lang='lat' dir='ltr'>tantum</span> <span class='ocrx_word' id='word_1_347' title='bbox 559 2621 751 2662; x_wconf 80' lang='lat' dir='ltr'>fragmenta</span> <span class='ocrx_word' id='word_1_348' title='bbox 779 2622 847 2654; x_wconf 91' lang='lat' dir='ltr'>vidi</span> <span class='ocrx_word' id='word_1_349' title='bbox 873 2621 1045 2664; x_wconf 77' lang='lat' dir='ltr'>informia,</span> <span class='ocrx_word' id='word_1_350' title='bbox 1074 2622 1161 2654; x_wconf 86' lang='lat' dir='ltr'>ultra</span> <span class='ocrx_word' id='word_1_351' title='bbox 1188 2620 1338 2663; x_wconf 85' lang='lat' dir='ltr'>pedalia,</span> <span class='ocrx_word' id='word_1_352' title='bbox 1366 2619 1537 2661; x_wconf 62' lang='lat' dir='ltr'>tpollices</span> <span class='ocrx_word' id='word_1_353' title='bbox 1565 2623 1600 2653; x_wconf 88' lang='lat' dir='ltr'>et</span> <span class='ocrx_word' id='word_1_354' title='bbox 1621 2620 1709 2653; x_wconf 81' lang='lat' dir='ltr'>ultra</span> <span class='ocrx_word' id='word_1_355' title='bbox 1726 2621 1807 2654; x_wconf 86' lang='lat' dir='ltr'>lata.</span> 
     </span>
    </p>
   </div>
   <div class='ocr_carea' id='block_1_7' title="bbox 271 2688 1806 2908">
    <p class='ocr_par' dir='ltr' id='par_1_11' title="bbox 271 2688 1806 2908">
     <span class='ocr_line' id='line_1_42' title="bbox 364 2688 1806 2731; baseline -0.001 -8"><span class='ocrx_word' id='word_1_356' title='bbox 364 2693 461 2723; x_wconf 86' lang='lat' dir='ltr'>Anne</span> <span class='ocrx_word' id='word_1_357' title='bbox 500 2692 640 2723; x_wconf 90' lang='lat' dir='ltr'>nomine</span> <span class='ocrx_word' id='word_1_358' title='bbox 674 2690 712 2722; x_wconf 91' lang='lat' dir='ltr'>H.</span> <span class='ocrx_word' id='word_1_359' title='bbox 744 2691 898 2731; x_wconf 71' lang='lat' dir='ltr'>ligulatze</span> <span class='ocrx_word' id='word_1_360' title='bbox 937 2700 1007 2723; x_wconf 88' lang='lat' dir='ltr'>var.</span> <span class='ocrx_word' id='word_1_361' title='bbox 1046 2690 1202 2723; x_wconf 77' lang='lat' dir='ltr'>latifoliae</span> <span class='ocrx_word' id='word_1_362' title='bbox 1243 2690 1320 2722; x_wconf 76' lang='lat' dir='ltr'>duze</span> <span class='ocrx_word' id='word_1_363' title='bbox 1358 2689 1488 2730; x_wconf 77' lang='lat' dir='ltr'>plantoe</span> <span class='ocrx_word' id='word_1_364' title='bbox 1526 2688 1806 2723; x_wconf 78' lang='lat' dir='ltr'>confundantur?</span> 
     </span>
     <span class='ocr_line' id='line_1_43' title="bbox 271 2747 1805 2791; baseline 0 -12"><span class='ocrx_word' id='word_1_365' title='bbox 271 2748 343 2779; x_wconf 70' lang='lat' dir='ltr'>Una</span> <span class='ocrx_word' id='word_1_366' title='bbox 377 2751 527 2782; x_wconf 75' lang='lat' dir='ltr'>varietas</span> <span class='ocrx_word' id='word_1_367' title='bbox 565 2748 710 2782; x_wconf 82' lang='lat' dir='ltr'>latifolia</span> <span class='ocrx_word' id='word_1_368' title='bbox 750 2748 789 2781; x_wconf 92' lang='grc' dir='ltr'>ΙΙ.</span> <span class='ocrx_word' id='word_1_369' title='bbox 829 2749 1000 2791; x_wconf 60' lang='lat' dir='ltr'>ligulam,</span> <span class='ocrx_word' id='word_1_370' title='bbox 1034 2750 1142 2787; x_wconf 80' lang='lat' dir='ltr'>altera</span> <span class='ocrx_word' id='word_1_371' title='bbox 1168 2749 1307 2788; x_wconf 86' lang='lat' dir='ltr'>species</span> <span class='ocrx_word' id='word_1_372' title='bbox 1334 2747 1487 2790; x_wconf 86' lang='lat' dir='ltr'>propria,</span> <span class='ocrx_word' id='word_1_373' title='bbox 1516 2747 1637 2779; x_wconf 82' lang='lat' dir='ltr'>fronde</span> <span class='ocrx_word' id='word_1_374' title='bbox 1664 2749 1805 2779; x_wconf 89' lang='lat' dir='ltr'>omnino</span> 
     </span>
     <span class='ocr_line' id='line_1_44' title="bbox 271 2805 1806 2849; baseline 0.002 -14"><span class='ocrx_word' id='word_1_375' title='bbox 271 2806 385 2847; x_wconf 80' lang='lat' dir='ltr'>plana,</span> <span class='ocrx_word' id='word_1_376' title='bbox 423 2808 565 2846; x_wconf 78' lang='lat' dir='ltr'>parcius</span> <span class='ocrx_word' id='word_1_377' title='bbox 604 2807 714 2840; x_wconf 85' lang='lat' dir='ltr'>divisa</span> <span class='ocrx_word' id='word_1_378' title='bbox 754 2809 789 2839; x_wconf 89' lang='lat' dir='ltr'>et</span> <span class='ocrx_word' id='word_1_379' title='bbox 824 2809 1004 2849; x_wconf 82' lang='lat' dir='ltr'>proecipuc</span> <span class='ocrx_word' id='word_1_380' title='bbox 1044 2807 1160 2839; x_wconf 85' lang='lat' dir='ltr'>colore</span> <span class='ocrx_word' id='word_1_381' title='bbox 1198 2805 1344 2847; x_wconf 79' lang='lat' dir='ltr'>pulchre</span> <span class='ocrx_word' id='word_1_382' title='bbox 1371 2807 1540 2839; x_wconf 87' lang='lat' dir='ltr'>coccineo</span> <span class='ocrx_word' id='word_1_383' title='bbox 1569 2806 1719 2839; x_wconf 79' lang='lat' dir='ltr'>diversa.</span> <span class='ocrx_word' id='word_1_384' title='bbox 1769 2805 1806 2839; x_wconf 81' lang='lat' dir='ltr'>ln</span> 
     </span>
     <span class='ocr_line' id='line_1_45' title="bbox 272 2862 1299 2908; baseline 0.001 -13"><span class='ocrx_word' id='word_1_385' title='bbox 272 2871 352 2896; x_wconf 60' lang='lat' dir='ltr'>iera</span> <span class='ocrx_word' id='word_1_386' title='bbox 378 2862 415 2896; x_wconf 82' lang='lat'>11.</span> <span class='ocrx_word' id='word_1_387' title='bbox 443 2863 585 2906; x_wconf 72' lang='lat' dir='ltr'>ligulata</span> <span class='ocrx_word' id='word_1_388' title='bbox 612 2866 709 2898; x_wconf 86' lang='lat' dir='ltr'>color</span> <span class='ocrx_word' id='word_1_389' title='bbox 736 2866 847 2907; x_wconf 73' lang='lat' dir='ltr'>magis</span> <span class='ocrx_word' id='word_1_390' title='bbox 874 2867 906 2898; x_wconf 90' lang='lat' dir='ltr'>in</span> <span class='ocrx_word' id='word_1_391' title='bbox 934 2873 1150 2908; x_wconf 86' lang='lat' dir='ltr'>purpureum</span> <span class='ocrx_word' id='word_1_392' title='bbox 1177 2863 1299 2897; x_wconf 85' lang='lat' dir='ltr'>tendit.</span> 
     </span>
    </p>
   </div>
  </div>
 </body>
</html>
