<?xml version="1.0" encoding="UTF-8"?>
<!DOCTYPE html PUBLIC "-//W3C//DTD XHTML 1.0 Transitional//EN"
    "http://www.w3.org/TR/xhtml1/DTD/xhtml1-transitional.dtd">
<html xmlns="http://www.w3.org/1999/xhtml" xml:lang="en" lang="en">
 <head>
  <title>
</title>
<meta http-equiv="Content-Type" content="text/html;charset=utf-8" />
  <meta name='ocr-system' content='tesseract 3.04.00' />
  <meta name='ocr-capabilities' content='ocr_page ocr_carea ocr_par ocr_line ocrx_word'/>
</head>
<body>
  <div class='ocr_page' id='page_1' title='image "./speciesgeneraeto0201agar_0059.png"; bbox 0 0 1907 3004; ppageno 0'>
   <div class='ocr_carea' id='block_1_1' title="bbox 86 71 1616 116">
    <p class='ocr_par' dir='ltr' id='par_1_1' title="bbox 86 71 1616 116">
     <span class='ocr_line' id='line_1_1' title="bbox 86 71 1616 116; baseline -0.003 0"><span class='ocrx_word' id='word_1_1' title='bbox 86 71 419 116; x_wconf 70' lang='lat' dir='ltr'>Callitlzamm&#39;on.</span> <span class='ocrx_word' id='word_1_2' title='bbox 755 74 964 113; x_wconf 60' lang='lat' dir='ltr'>Genuum.</span> <span class='ocrx_word' id='word_1_3' title='bbox 1556 77 1616 116; x_wconf 83' lang='lat'>35</span> 
     </span>
    </p>
   </div>
   <div class='ocr_carea' id='block_1_2' title="bbox 81 197 1616 520">
    <p class='ocr_par' dir='ltr' id='par_1_2' title="bbox 81 197 1616 520">
     <span class='ocr_line' id='line_1_2' title="bbox 81 197 1616 252; baseline 0.001 -11"><span class='ocrx_word' id='word_1_4' title='bbox 81 203 144 242; x_wconf 91' lang='grc'>30.</span> <span class='ocrx_word' id='word_1_5' title='bbox 176 207 213 242; x_wconf 94' lang='lat' dir='ltr'>C.</span> <span class='ocrx_word' id='word_1_6' title='bbox 243 211 438 241; x_wconf 66' lang='lat' dir='ltr'>scommuu</span> <span class='ocrx_word' id='word_1_7' title='bbox 482 197 629 250; x_wconf 67' lang='lat' dir='ltr'>[Hoolc.</span> <span class='ocrx_word' id='word_1_8' title='bbox 675 206 714 239; x_wconf 80' lang='lat' dir='ltr'>et</span> <span class='ocrx_word' id='word_1_9' title='bbox 758 203 879 240; x_wconf 78' lang='lat' dir='ltr'>Harv.</span> <span class='ocrx_word' id='word_1_10' title='bbox 925 206 966 240; x_wconf 81' lang='lat' dir='ltr'>z&#39;n</span> <span class='ocrx_word' id='word_1_11' title='bbox 1011 203 1131 241; x_wconf 83' lang='lat' dir='ltr'>Lond.</span> <span class='ocrx_word' id='word_1_12' title='bbox 1173 203 1316 241; x_wconf 81' lang='lat' dir='ltr'>Journ.</span> <span class='ocrx_word' id='word_1_13' title='bbox 1356 204 1417 242; x_wconf 87' lang='lat' dir='ltr'>IV.</span> <span class='ocrx_word' id='word_1_14' title='bbox 1445 215 1484 252; x_wconf 83' lang='lat' dir='ltr'>p.</span> <span class='ocrx_word' id='word_1_15' title='bbox 1517 204 1616 248; x_wconf 69' lang='lat'>273)</span> 
     </span>
     <span class='ocr_line' id='line_1_3' title="bbox 191 270 1616 319; baseline 0 -12"><span class='ocrx_word' id='word_1_16' title='bbox 191 273 412 309; x_wconf 69' lang='lat' dir='ltr'>coalescens</span> <span class='ocrx_word' id='word_1_17' title='bbox 443 272 611 318; x_wconf 87' lang='lat' dir='ltr'>stuposa,</span> <span class='ocrx_word' id='word_1_18' title='bbox 646 270 782 307; x_wconf 75' lang='lat' dir='ltr'>fronde</span> <span class='ocrx_word' id='word_1_19' title='bbox 815 275 939 307; x_wconf 78' lang='lat' dir='ltr'>erecta</span> <span class='ocrx_word' id='word_1_20' title='bbox 972 271 1248 319; x_wconf 67' lang='lat' dir='ltr'>decomposita,</span> <span class='ocrx_word' id='word_1_21' title='bbox 1280 271 1387 308; x_wconf 84' lang='lat' dir='ltr'>caule</span> <span class='ocrx_word' id='word_1_22' title='bbox 1418 270 1520 308; x_wconf 85' lang='lat' dir='ltr'>libris</span> <span class='ocrx_word' id='word_1_23' title='bbox 1553 271 1616 307; x_wconf 87' lang='lat' dir='ltr'>in-</span> 
     </span>
     <span class='ocr_line' id='line_1_4' title="bbox 191 337 1613 386; baseline 0.001 -13"><span class='ocrx_word' id='word_1_24' title='bbox 191 337 360 373; x_wconf 82' lang='lat' dir='ltr'>tertextis</span> <span class='ocrx_word' id='word_1_25' title='bbox 413 337 619 385; x_wconf 86' lang='lat' dir='ltr'>cortiealo,</span> <span class='ocrx_word' id='word_1_26' title='bbox 672 338 785 374; x_wconf 87' lang='lat' dir='ltr'>ramis</span> <span class='ocrx_word' id='word_1_27' title='bbox 830 348 1140 386; x_wconf 75' lang='lat' dir='ltr'>quoquoversum</span> <span class='ocrx_word' id='word_1_28' title='bbox 1190 338 1474 385; x_wconf 60' lang='lat' dir='ltr'>egredientibus</span> <span class='ocrx_word' id='word_1_29' title='bbox 1519 338 1613 374; x_wconf 79' lang='lat' dir='ltr'>cauli</span> 
     </span>
     <span class='ocr_line' id='line_1_5' title="bbox 185 403 1616 454; baseline 0 -14"><span class='ocrx_word' id='word_1_30' title='bbox 185 403 457 449; x_wconf 79' lang='lat' dir='ltr'>subsimililms,</span> <span class='ocrx_word' id='word_1_31' title='bbox 498 403 760 451; x_wconf 88' lang='lat' dir='ltr'>superioribus</span> <span class='ocrx_word' id='word_1_32' title='bbox 806 404 1030 441; x_wconf 75' lang='lat' dir='ltr'>fasciculalis</span> <span class='ocrx_word' id='word_1_33' title='bbox 1076 404 1480 454; x_wconf 75' lang='lat' dir='ltr'>pinuato-fastigiatis,</span> <span class='ocrx_word' id='word_1_34' title='bbox 1525 405 1616 452; x_wconf 89' lang='lat' dir='ltr'>pin-</span> 
     </span>
     <span class='ocr_line' id='line_1_6' title="bbox 184 469 1448 520; baseline 0.002 -14"><span class='ocrx_word' id='word_1_35' title='bbox 184 469 240 506; x_wconf 88' lang='lat' dir='ltr'>nis</span> <span class='ocrx_word' id='word_1_36' title='bbox 271 470 506 506; x_wconf 75' lang='lat' dir='ltr'>secundatim</span> <span class='ocrx_word' id='word_1_37' title='bbox 540 470 743 518; x_wconf 86' lang='lat' dir='ltr'>pinnulatis</span> <span class='ocrx_word' id='word_1_38' title='bbox 775 471 1050 516; x_wconf 82' lang='lat' dir='ltr'>erectiuseulis,</span> <span class='ocrx_word' id='word_1_39' title='bbox 1080 471 1366 520; x_wconf 64' lang='lat' dir='ltr'>spbzerosporis.</span> <span class='ocrx_word' id='word_1_40' title='bbox 1399 501 1407 509; x_wconf 90' lang='lat'><em>.</em></span> <span class='ocrx_word' id='word_1_41' title='bbox 1440 501 1448 508; x_wconf 93' lang='lat'><strong>.</strong></span> 
     </span>
    </p>
   </div>
   <div class='ocr_carea' id='block_1_3' title="bbox 163 544 1614 590">
    <p class='ocr_par' dir='ltr' id='par_1_3' title="bbox 163 544 1614 590">
     <span class='ocr_line' id='line_1_7' title="bbox 163 544 1614 590; baseline 0 -12"><span class='ocrx_word' id='word_1_42' title='bbox 163 545 246 578; x_wconf 90' lang='lat' dir='ltr'>Call.</span> <span class='ocrx_word' id='word_1_43' title='bbox 274 545 482 588; x_wconf 87' lang='lat' dir='ltr'>Scoparium</span> <span class='ocrx_word' id='word_1_44' title='bbox 510 544 616 578; x_wconf 75' lang='lat' dir='ltr'>Hoolc.</span> <span class='ocrx_word' id='word_1_45' title='bbox 643 547 677 578; x_wconf 78' lang='lat' dir='ltr'>et</span> <span class='ocrx_word' id='word_1_46' title='bbox 701 544 810 578; x_wconf 84' lang='lat' dir='ltr'>Harv.</span> <span class='ocrx_word' id='word_1_47' title='bbox 838 545 858 578; x_wconf 92' lang='grc' dir='ltr'>Ι.</span> <span class='ocrx_word' id='word_1_48' title='bbox 885 555 915 578; x_wconf 86' lang='lat' dir='ltr'>c.</span> <span class='ocrx_word' id='word_1_49' title='bbox 944 546 1062 588; x_wconf 80' lang='lat' dir='ltr'>Crypc.</span> <span class='ocrx_word' id='word_1_50' title='bbox 1089 546 1249 580; x_wconf 77' lang='lat' dir='ltr'>Aularct.</span> <span class='ocrx_word' id='word_1_51' title='bbox 1270 556 1309 590; x_wconf 84' lang='lat' dir='ltr'>p.</span> <span class='ocrx_word' id='word_1_52' title='bbox 1339 546 1416 580; x_wconf 76' lang='lat'>484.</span> <span class='ocrx_word' id='word_1_53' title='bbox 1442 546 1511 580; x_wconf 85' lang='lat' dir='ltr'>tab.</span> <span class='ocrx_word' id='word_1_54' title='bbox 1539 548 1614 580; x_wconf 72' lang='lat'>489.</span> 
     </span>
    </p>
   </div>
   <div class='ocr_carea' id='block_1_4' title="bbox 72 601 1084 703">
    <p class='ocr_par' dir='ltr' id='par_1_4' title="bbox 72 601 1084 703">
     <span class='ocr_line' id='line_1_8' title="bbox 123 604 199 636; baseline 0.013 -1"><span class='ocrx_word' id='word_1_55' title='bbox 123 629 129 635; x_wconf 92' lang='lat'><em>.</em></span> <span class='ocrx_word' id='word_1_56' title='bbox 157 604 199 636; x_wconf 74' lang='lat'>3!</span> 
     </span>
     <span class='ocr_line' id='line_1_9' title="bbox 72 601 1084 703; baseline -0.001 -9"><span class='ocrx_word' id='word_1_57' title='bbox 72 601 118 648; x_wconf 63' lang='lat' dir='ltr'>fi?</span> <span class='ocrx_word' id='word_1_58' title='bbox 167 661 478 695; x_wconf 84' lang='lat' dir='ltr'>Phlebothamnion</span> <span class='ocrx_word' id='word_1_59' title='bbox 505 660 712 703; x_wconf 83' lang='lat' dir='ltr'>Scoparium</span> <span class='ocrx_word' id='word_1_60' title='bbox 739 659 842 693; x_wconf 69' lang='lat' dir='ltr'>Isutz.</span> <span class='ocrx_word' id='word_1_61' title='bbox 870 669 920 702; x_wconf 78' lang='lat' dir='ltr'>sp.</span> <span class='ocrx_word' id='word_1_62' title='bbox 942 670 978 702; x_wconf 86' lang='lat' dir='ltr'>p.</span> <span class='ocrx_word' id='word_1_63' title='bbox 1007 661 1084 693; x_wconf 81' lang='lat'>656!</span> 
     </span>
    </p>
   </div>
   <div class='ocr_carea' id='block_1_5' title="bbox 187 729 1481 781">
    <p class='ocr_par' dir='ltr' id='par_1_5' title="bbox 187 729 1481 781">
     <span class='ocr_line' id='line_1_10' title="bbox 187 729 1481 781; baseline 0.001 -11"><span class='ocrx_word' id='word_1_64' title='bbox 187 733 262 770; x_wconf 83' lang='lat' dir='ltr'>llab</span> <span class='ocrx_word' id='word_1_65' title='bbox 294 733 332 770; x_wconf 91' lang='lat' dir='ltr'>in</span> <span class='ocrx_word' id='word_1_66' title='bbox 363 738 514 771; x_wconf 83' lang='lat' dir='ltr'>Oceano</span> <span class='ocrx_word' id='word_1_67' title='bbox 544 730 703 768; x_wconf 82' lang='lat' dir='ltr'>Australi</span> <span class='ocrx_word' id='word_1_68' title='bbox 735 729 780 766; x_wconf 85' lang='lat' dir='ltr'>ad</span> <span class='ocrx_word' id='word_1_69' title='bbox 814 730 956 767; x_wconf 78' lang='lat' dir='ltr'>insulas</span> <span class='ocrx_word' id='word_1_70' title='bbox 986 731 1161 767; x_wconf 82' lang='lat' dir='ltr'>Falldand</span> <span class='ocrx_word' id='word_1_71' title='bbox 1195 735 1232 768; x_wconf 90' lang='lat' dir='ltr'>et</span> <span class='ocrx_word' id='word_1_72' title='bbox 1261 735 1335 781; x_wconf 91' lang='lat' dir='ltr'>Cap</span> <span class='ocrx_word' id='word_1_73' title='bbox 1367 736 1481 771; x_wconf 89' lang='lat' dir='ltr'>llorn.</span> 
     </span>
    </p>
   </div>
   <div class='ocr_carea' id='block_1_6' title="bbox 70 805 1614 1312">
    <p class='ocr_par' dir='ltr' id='par_1_6' title="bbox 70 805 1614 1312">
     <span class='ocr_line' id='line_1_11' title="bbox 168 805 1613 852; baseline 0.001 -11"><span class='ocrx_word' id='word_1_74' title='bbox 168 809 324 842; x_wconf 87' lang='lat' dir='ltr'>Frondes</span> <span class='ocrx_word' id='word_1_75' title='bbox 362 808 454 840; x_wconf 73' lang='lat'><strong>2--3</strong></span> <span class='ocrx_word' id='word_1_76' title='bbox 491 807 679 848; x_wconf 79' lang='lat' dir='ltr'>pollicares</span> <span class='ocrx_word' id='word_1_77' title='bbox 707 806 919 846; x_wconf 76' lang='lat' dir='ltr'>caespitosae.</span> <span class='ocrx_word' id='word_1_78' title='bbox 971 805 1096 838; x_wconf 87' lang='lat' dir='ltr'>Caules</span> <span class='ocrx_word' id='word_1_79' title='bbox 1126 808 1236 839; x_wconf 87' lang='lat' dir='ltr'>crassi</span> <span class='ocrx_word' id='word_1_80' title='bbox 1264 808 1489 852; x_wconf 79' lang='lat' dir='ltr'>inarticulati,</span> <span class='ocrx_word' id='word_1_81' title='bbox 1516 810 1613 842; x_wconf 82' lang='lat' dir='ltr'>fibris</span> 
     </span>
     <span class='ocr_line' id='line_1_12' title="bbox 75 863 1612 908; baseline 0.001 -8"><span class='ocrx_word' id='word_1_82' title='bbox 75 867 242 900; x_wconf 80' lang='lat' dir='ltr'>nexuosis</span> <span class='ocrx_word' id='word_1_83' title='bbox 269 867 416 908; x_wconf 84' lang='lat' dir='ltr'>stuposi,</span> <span class='ocrx_word' id='word_1_84' title='bbox 442 873 565 906; x_wconf 85' lang='lat' dir='ltr'>parum</span> <span class='ocrx_word' id='word_1_85' title='bbox 592 864 734 896; x_wconf 81' lang='lat' dir='ltr'>ramosi.</span> <span class='ocrx_word' id='word_1_86' title='bbox 783 863 880 895; x_wconf 86' lang='lat' dir='ltr'>Rami</span> <span class='ocrx_word' id='word_1_87' title='bbox 908 863 1120 908; x_wconf 77' lang='lat' dir='ltr'>conformes,</span> <span class='ocrx_word' id='word_1_88' title='bbox 1146 874 1210 907; x_wconf 86' lang='lat' dir='ltr'>per</span> <span class='ocrx_word' id='word_1_89' title='bbox 1235 868 1343 898; x_wconf 88' lang='lat' dir='ltr'>totam</span> <span class='ocrx_word' id='word_1_90' title='bbox 1359 868 1612 908; x_wconf 82' lang='lat' dir='ltr'>longitudinem</span> 
     </span>
     <span class='ocr_line' id='line_1_13' title="bbox 74 923 1613 964; baseline 0.001 -7"><span class='ocrx_word' id='word_1_91' title='bbox 74 925 218 957; x_wconf 87' lang='lat' dir='ltr'>ramulis</span> <span class='ocrx_word' id='word_1_92' title='bbox 255 923 445 964; x_wconf 78' lang='lat' dir='ltr'>gracilibus</span> <span class='ocrx_word' id='word_1_93' title='bbox 482 923 617 955; x_wconf 85' lang='lat' dir='ltr'>strictis</span> <span class='ocrx_word' id='word_1_94' title='bbox 651 930 934 964; x_wconf 77' lang='lat' dir='ltr'>quoquoversum</span> <span class='ocrx_word' id='word_1_95' title='bbox 962 923 1227 963; x_wconf 77' lang='lat' dir='ltr'>egredientibus</span> <span class='ocrx_word' id='word_1_96' title='bbox 1254 924 1466 957; x_wconf 84' lang='lat' dir='ltr'>densissime</span> <span class='ocrx_word' id='word_1_97' title='bbox 1493 926 1613 959; x_wconf 81' lang='lat' dir='ltr'>obsiti.</span> 
     </span>
     <span class='ocr_line' id='line_1_14' title="bbox 72 979 1614 1023; baseline 0.001 -8"><span class='ocrx_word' id='word_1_98' title='bbox 72 982 205 1015; x_wconf 89' lang='lat' dir='ltr'>Ramuli</span> <span class='ocrx_word' id='word_1_99' title='bbox 232 982 406 1014; x_wconf 90' lang='lat' dir='ltr'>articulati</span> <span class='ocrx_word' id='word_1_100' title='bbox 431 979 672 1020; x_wconf 73' lang='lat' dir='ltr'>irregulariter</span> <span class='ocrx_word' id='word_1_101' title='bbox 705 980 820 1022; x_wconf 86' lang='lat' dir='ltr'>divisi,</span> <span class='ocrx_word' id='word_1_102' title='bbox 849 981 908 1012; x_wconf 84' lang='lat' dir='ltr'>aut</span> <span class='ocrx_word' id='word_1_103' title='bbox 935 981 1081 1023; x_wconf 78' lang='lat' dir='ltr'>pinnati,</span> <span class='ocrx_word' id='word_1_104' title='bbox 1110 982 1169 1013; x_wconf 86' lang='lat' dir='ltr'>aut</span> <span class='ocrx_word' id='word_1_105' title='bbox 1195 981 1417 1014; x_wconf 86' lang='lat' dir='ltr'>secundatim</span> <span class='ocrx_word' id='word_1_106' title='bbox 1443 984 1498 1016; x_wconf 77' lang='lat' dir='ltr'>vel</span> <span class='ocrx_word' id='word_1_107' title='bbox 1525 984 1614 1016; x_wconf 87' lang='lat' dir='ltr'>sub-</span> 
     </span>
     <span class='ocr_line' id='line_1_15' title="bbox 73 1038 1613 1082; baseline 0.001 -9"><span class='ocrx_word' id='word_1_108' title='bbox 73 1040 272 1073; x_wconf 89' lang='lat' dir='ltr'>dicbotome</span> <span class='ocrx_word' id='word_1_109' title='bbox 301 1040 415 1082; x_wconf 83' lang='lat' dir='ltr'>divisi,</span> <span class='ocrx_word' id='word_1_110' title='bbox 443 1047 583 1079; x_wconf 86' lang='lat' dir='ltr'>semper</span> <span class='ocrx_word' id='word_1_111' title='bbox 608 1038 722 1070; x_wconf 86' lang='lat' dir='ltr'>stricti</span> <span class='ocrx_word' id='word_1_112' title='bbox 749 1039 869 1081; x_wconf 83' lang='lat' dir='ltr'>erecti,</span> <span class='ocrx_word' id='word_1_113' title='bbox 897 1039 1030 1079; x_wconf 78' lang='lat' dir='ltr'>saepius</span> <span class='ocrx_word' id='word_1_114' title='bbox 1057 1038 1230 1079; x_wconf 81' lang='lat' dir='ltr'>adpressi.</span> <span class='ocrx_word' id='word_1_115' title='bbox 1280 1040 1409 1080; x_wconf 77' lang='lat' dir='ltr'>Apices</span> <span class='ocrx_word' id='word_1_116' title='bbox 1438 1043 1530 1073; x_wconf 83' lang='lat' dir='ltr'>acuti</span> <span class='ocrx_word' id='word_1_117' title='bbox 1554 1045 1613 1074; x_wconf 82' lang='lat' dir='ltr'>aut</span> 
     </span>
     <span class='ocr_line' id='line_1_16' title="bbox 73 1095 1612 1141; baseline 0 -10"><span class='ocrx_word' id='word_1_118' title='bbox 73 1098 201 1141; x_wconf 85' lang='lat' dir='ltr'>obtusi,</span> <span class='ocrx_word' id='word_1_119' title='bbox 235 1097 416 1139; x_wconf 88' lang='lat' dir='ltr'>simplices</span> <span class='ocrx_word' id='word_1_120' title='bbox 454 1097 514 1128; x_wconf 87' lang='lat' dir='ltr'>aut</span> <span class='ocrx_word' id='word_1_121' title='bbox 550 1095 703 1127; x_wconf 87' lang='lat' dir='ltr'>ramellis</span> <span class='ocrx_word' id='word_1_122' title='bbox 739 1095 908 1127; x_wconf 83' lang='lat' dir='ltr'>secundis</span> <span class='ocrx_word' id='word_1_123' title='bbox 934 1097 1117 1136; x_wconf 85' lang='lat' dir='ltr'>pectinati.</span> <span class='ocrx_word' id='word_1_124' title='bbox 1167 1095 1271 1128; x_wconf 90' lang='lat' dir='ltr'>Color</span> <span class='ocrx_word' id='word_1_125' title='bbox 1297 1096 1448 1130; x_wconf 77' lang='lat' dir='ltr'>obscure</span> <span class='ocrx_word' id='word_1_126' title='bbox 1474 1108 1612 1140; x_wconf 85' lang='lat' dir='ltr'>purpu-</span> 
     </span>
     <span class='ocr_line' id='line_1_17' title="bbox 72 1152 1610 1198; baseline -0.001 -9"><span class='ocrx_word' id='word_1_127' title='bbox 72 1165 164 1189; x_wconf 89' lang='lat' dir='ltr'>reus.</span> <span class='ocrx_word' id='word_1_128' title='bbox 190 1155 394 1188; x_wconf 77' lang='lat' dir='ltr'>Substantia</span> <span class='ocrx_word' id='word_1_129' title='bbox 419 1154 542 1195; x_wconf 84' lang='lat' dir='ltr'>rigida.</span> <span class='ocrx_word' id='word_1_130' title='bbox 568 1153 667 1186; x_wconf 89' lang='lat' dir='ltr'>Nudo</span> <span class='ocrx_word' id='word_1_131' title='bbox 694 1153 795 1185; x_wconf 90' lang='lat' dir='ltr'>oculo</span> <span class='ocrx_word' id='word_1_132' title='bbox 822 1152 857 1185; x_wconf 90' lang='lat' dir='ltr'>C.</span> <span class='ocrx_word' id='word_1_133' title='bbox 884 1155 1049 1186; x_wconf 84' lang='lat' dir='ltr'>tetricum</span> <span class='ocrx_word' id='word_1_134' title='bbox 1072 1155 1107 1186; x_wconf 87' lang='lat' dir='ltr'>et</span> <span class='ocrx_word' id='word_1_135' title='bbox 1128 1153 1163 1187; x_wconf 90' lang='lat' dir='ltr'>C.</span> <span class='ocrx_word' id='word_1_136' title='bbox 1181 1154 1344 1187; x_wconf 90' lang='lat' dir='ltr'>crinitum</span> <span class='ocrx_word' id='word_1_137' title='bbox 1360 1154 1399 1197; x_wconf 81' lang='lat'>[?]</span> <span class='ocrx_word' id='word_1_138' title='bbox 1415 1156 1610 1198; x_wconf 87' lang='lat' dir='ltr'>aemulatur‚</span> 
     </span>
     <span class='ocr_line' id='line_1_18' title="bbox 71 1210 1611 1254; baseline 0.001 -9"><span class='ocrx_word' id='word_1_139' title='bbox 71 1212 137 1246; x_wconf 83' lang='lat' dir='ltr'>suh</span> <span class='ocrx_word' id='word_1_140' title='bbox 163 1213 257 1245; x_wconf 84' lang='lat' dir='ltr'>lente</span> <span class='ocrx_word' id='word_1_141' title='bbox 284 1212 526 1246; x_wconf 85' lang='lat' dir='ltr'>diversissima</span> <span class='ocrx_word' id='word_1_142' title='bbox 552 1213 705 1254; x_wconf 86' lang='lat' dir='ltr'>species.</span> <span class='ocrx_word' id='word_1_143' title='bbox 762 1211 909 1244; x_wconf 87' lang='lat' dir='ltr'>Habitus</span> <span class='ocrx_word' id='word_1_144' title='bbox 948 1211 1186 1253; x_wconf 83' lang='lat' dir='ltr'>Spbacelariae</span> <span class='ocrx_word' id='word_1_145' title='bbox 1212 1210 1417 1254; x_wconf 81' lang='lat' dir='ltr'>scopariae.’⁷</span> <span class='ocrx_word' id='word_1_146' title='bbox 1466 1212 1611 1246; x_wconf 89' lang='lat' dir='ltr'>Descri-</span> 
     </span>
     <span class='ocr_line' id='line_1_19' title="bbox 70 1269 796 1312; baseline -0.003 -8"><span class='ocrx_word' id='word_1_147' title='bbox 70 1271 228 1312; x_wconf 84' lang='lat' dir='ltr'>ptionem</span> <span class='ocrx_word' id='word_1_148' title='bbox 254 1269 296 1302; x_wconf 86' lang='lat' dir='ltr'>ab</span> <span class='ocrx_word' id='word_1_149' title='bbox 321 1271 474 1303; x_wconf 79' lang='lat' dir='ltr'>Auctore</span> <span class='ocrx_word' id='word_1_150' title='bbox 500 1272 679 1303; x_wconf 86' lang='lat' dir='ltr'>mutuatus</span> <span class='ocrx_word' id='word_1_151' title='bbox 706 1279 796 1302; x_wconf 88' lang='lat' dir='ltr'>sum.</span> 
     </span>
    </p>
   </div>
   <div class='ocr_carea' id='block_1_7' title="bbox 75 1439 1605 1759">
    <p class='ocr_par' dir='ltr' id='par_1_7' title="bbox 75 1439 1605 1759">
     <span class='ocr_line' id='line_1_20' title="bbox 345 1439 1333 1490; baseline 0.002 -12"><span class='ocrx_word' id='word_1_152' title='bbox 345 1443 399 1479; x_wconf 87' lang='lat' dir='ltr'>lv.</span> <span class='ocrx_word' id='word_1_153' title='bbox 431 1440 565 1480; x_wconf 79' lang='lat' dir='ltr'>Frons</span> <span class='ocrx_word' id='word_1_154' title='bbox 595 1439 756 1479; x_wconf 78' lang='lat' dir='ltr'>alterne</span> <span class='ocrx_word' id='word_1_155' title='bbox 777 1441 964 1490; x_wconf 74' lang='lat' dir='ltr'>pinnata</span> <span class='ocrx_word' id='word_1_156' title='bbox 995 1444 1070 1480; x_wconf 75' lang='lat' dir='ltr'>aut</span> <span class='ocrx_word' id='word_1_157' title='bbox 1103 1440 1333 1481; x_wconf 76' lang='lat' dir='ltr'>ramulosa.</span> 
     </span>
     <span class='ocr_line' id='line_1_21' title="bbox 75 1527 1605 1582; baseline 0.003 -15"><span class='ocrx_word' id='word_1_158' title='bbox 75 1529 106 1567; x_wconf 81' lang='lat' dir='ltr'>l.</span> <span class='ocrx_word' id='word_1_159' title='bbox 130 1527 276 1568; x_wconf 75' lang='lat' dir='ltr'>Hamis</span> <span class='ocrx_word' id='word_1_160' title='bbox 293 1527 567 1579; x_wconf 73' lang='lat' dir='ltr'>inferioribus</span> <span class='ocrx_word' id='word_1_161' title='bbox 584 1531 624 1569; x_wconf 81' lang='lat' dir='ltr'>et</span> <span class='ocrx_word' id='word_1_162' title='bbox 638 1529 930 1579; x_wconf 71' lang='lat' dir='ltr'>superioribus</span> <span class='ocrx_word' id='word_1_163' title='bbox 946 1530 1605 1582; x_wconf 68' lang='lat' dir='ltr'>quoquoversmneqrede&#39;entibus.</span> 
     </span>
     <span class='ocr_line' id='line_1_22' title="bbox 303 1617 1370 1669; baseline 0.003 -12"><span class='ocrx_word' id='word_1_164' title='bbox 303 1618 330 1667; x_wconf 79' lang='lat'><strong>†</strong></span> <span class='ocrx_word' id='word_1_165' title='bbox 358 1617 550 1658; x_wconf 76' lang='lat' dir='ltr'>Ramulz&#39;s</span> <span class='ocrx_word' id='word_1_166' title='bbox 579 1617 870 1668; x_wconf 70' lang='lat' dir='ltr'>superioribus</span> <span class='ocrx_word' id='word_1_167' title='bbox 895 1621 1111 1669; x_wconf 70' lang='lat' dir='ltr'>pinnatam</span> <span class='ocrx_word' id='word_1_168' title='bbox 1141 1619 1370 1669; x_wconf 71' lang='lat' dir='ltr'>dispositis.</span> 
     </span>
     <span class='ocr_line' id='line_1_23' title="bbox 437 1705 1235 1759; baseline 0.001 -11"><span class='ocrx_word' id='word_1_169' title='bbox 437 1705 470 1737; x_wconf 58' lang='lat' dir='ltr'>&#39;k</span> <span class='ocrx_word' id='word_1_170' title='bbox 499 1707 659 1748; x_wconf 77' lang='lat' dir='ltr'>Fronde</span> <span class='ocrx_word' id='word_1_171' title='bbox 687 1708 779 1759; x_wconf 80' lang='lat' dir='ltr'>fere</span> <span class='ocrx_word' id='word_1_172' title='bbox 809 1719 836 1748; x_wconf 81' lang='lat' dir='ltr'>a</span> <span class='ocrx_word' id='word_1_173' title='bbox 866 1707 960 1748; x_wconf 72' lang='lat' dir='ltr'>basi</span> <span class='ocrx_word' id='word_1_174' title='bbox 992 1711 1235 1750; x_wconf 74' lang='lat' dir='ltr'>cem-licata.</span> 
     </span>
    </p>
   </div>
   <div class='ocr_carea' id='block_1_8' title="bbox 69 1806 1605 2267">
    <p class='ocr_par' dir='ltr' id='par_1_8' title="bbox 69 1806 1605 2267">
     <span class='ocr_line' id='line_1_24' title="bbox 69 1806 1605 1859; baseline 0.001 -9"><span class='ocrx_word' id='word_1_175' title='bbox 69 1811 133 1850; x_wconf 71' lang='lat'>34.</span> <span class='ocrx_word' id='word_1_176' title='bbox 164 1815 200 1850; x_wconf 91' lang='lat' dir='ltr'>C.</span> <span class='ocrx_word' id='word_1_177' title='bbox 232 1819 417 1849; x_wconf 69' lang='lat' dir='ltr'><strong>CAUDATUM</strong></span> <span class='ocrx_word' id='word_1_178' title='bbox 461 1806 523 1859; x_wconf 80' lang='lat' dir='ltr'>[J.</span> <span class='ocrx_word' id='word_1_179' title='bbox 561 1811 629 1858; x_wconf 70' lang='lat' dir='ltr'>Ay.</span> <span class='ocrx_word' id='word_1_180' title='bbox 670 1810 792 1858; x_wconf 77' lang='lat' dir='ltr'>Symb.</span> <span class='ocrx_word' id='word_1_181' title='bbox 828 1822 868 1858; x_wconf 81' lang='lat' dir='ltr'>p.</span> <span class='ocrx_word' id='word_1_182' title='bbox 911 1811 977 1855; x_wconf 80' lang='lat'>46)</span> <span class='ocrx_word' id='word_1_183' title='bbox 1010 1812 1147 1849; x_wconf 82' lang='lat' dir='ltr'>fronde</span> <span class='ocrx_word' id='word_1_184' title='bbox 1178 1813 1426 1851; x_wconf 87' lang='lat' dir='ltr'>erectiuscula</span> <span class='ocrx_word' id='word_1_185' title='bbox 1459 1816 1605 1852; x_wconf 76' lang='lat' dir='ltr'>alterne</span> 
     </span>
     <span class='ocr_line' id='line_1_25' title="bbox 179 1879 1604 1929; baseline 0.001 -13"><span class='ocrx_word' id='word_1_186' title='bbox 179 1879 629 1928; x_wconf 83' lang='lat' dir='ltr'>decomposito-pinnata</span> <span class='ocrx_word' id='word_1_187' title='bbox 660 1890 680 1915; x_wconf 90' lang='lat' dir='ltr'>a</span> <span class='ocrx_word' id='word_1_188' title='bbox 711 1879 788 1915; x_wconf 79' lang='lat' dir='ltr'>basi</span> <span class='ocrx_word' id='word_1_189' title='bbox 822 1879 920 1915; x_wconf 83' lang='lat' dir='ltr'>nuda</span> <span class='ocrx_word' id='word_1_190' title='bbox 952 1879 1162 1929; x_wconf 74' lang='lat' dir='ltr'>articulata,</span> <span class='ocrx_word' id='word_1_191' title='bbox 1194 1879 1309 1916; x_wconf 82' lang='lat' dir='ltr'>ramis</span> <span class='ocrx_word' id='word_1_192' title='bbox 1352 1891 1604 1929; x_wconf 84' lang='lat' dir='ltr'>quoquover-</span> 
     </span>
     <span class='ocr_line' id='line_1_26' title="bbox 178 1945 1604 1997; baseline 0.003 -15"><span class='ocrx_word' id='word_1_193' title='bbox 178 1957 261 1982; x_wconf 87' lang='lat' dir='ltr'>sum</span> <span class='ocrx_word' id='word_1_194' title='bbox 301 1945 586 1993; x_wconf 77' lang='lat' dir='ltr'>egredientibus</span> <span class='ocrx_word' id='word_1_195' title='bbox 625 1946 810 1993; x_wconf 78' lang='lat' dir='ltr'>elongatis</span> <span class='ocrx_word' id='word_1_196' title='bbox 851 1946 1029 1995; x_wconf 85' lang='lat' dir='ltr'>pinnatis,</span> <span class='ocrx_word' id='word_1_197' title='bbox 1071 1946 1179 1994; x_wconf 84' lang='lat' dir='ltr'>apice</span> <span class='ocrx_word' id='word_1_198' title='bbox 1217 1958 1317 1995; x_wconf 79' lang='lat' dir='ltr'>saepe</span> <span class='ocrx_word' id='word_1_199' title='bbox 1356 1949 1468 1995; x_wconf 75' lang='lat' dir='ltr'>longe</span> <span class='ocrx_word' id='word_1_200' title='bbox 1508 1960 1604 1997; x_wconf 82' lang='lat' dir='ltr'>pro-</span> 
     </span>
     <span class='ocr_line' id='line_1_27' title="bbox 179 2011 1604 2063; baseline 0.001 -14"><span class='ocrx_word' id='word_1_201' title='bbox 179 2012 294 2049; x_wconf 85' lang='lat' dir='ltr'>ducto</span> <span class='ocrx_word' id='word_1_202' title='bbox 337 2011 584 2063; x_wconf 89' lang='lat' dir='ltr'>nudiusculis,</span> <span class='ocrx_word' id='word_1_203' title='bbox 628 2013 755 2061; x_wconf 88' lang='lat' dir='ltr'>pinnis</span> <span class='ocrx_word' id='word_1_204' title='bbox 801 2013 1038 2050; x_wconf 79' lang='lat' dir='ltr'>intermediis</span> <span class='ocrx_word' id='word_1_205' title='bbox 1084 2014 1310 2063; x_wconf 74' lang='lat' dir='ltr'>pinnulatis,</span> <span class='ocrx_word' id='word_1_206' title='bbox 1356 2015 1604 2052; x_wconf 74' lang='lat' dir='ltr'>inferioribus</span> 
     </span>
     <span class='ocr_line' id='line_1_28' title="bbox 179 2079 1602 2131; baseline 0.002 -15"><span class='ocrx_word' id='word_1_207' title='bbox 179 2079 518 2128; x_wconf 87' lang='lat' dir='ltr'>superioribusque</span> <span class='ocrx_word' id='word_1_208' title='bbox 562 2079 798 2128; x_wconf 81' lang='lat' dir='ltr'>simplicibus</span> <span class='ocrx_word' id='word_1_209' title='bbox 837 2081 1052 2128; x_wconf 80' lang='lat' dir='ltr'>patentibus</span> <span class='ocrx_word' id='word_1_210' title='bbox 1084 2081 1300 2130; x_wconf 78' lang='lat' dir='ltr'>incurvatis,</span> <span class='ocrx_word' id='word_1_211' title='bbox 1329 2083 1602 2131; x_wconf 82' lang='lat' dir='ltr'>spbaerosporis</span> 
     </span>
     <span class='ocr_line' id='line_1_29' title="bbox 178 2146 1601 2197; baseline 0.003 -15"><span class='ocrx_word' id='word_1_212' title='bbox 178 2146 215 2183; x_wconf 92' lang='lat' dir='ltr'>in</span> <span class='ocrx_word' id='word_1_213' title='bbox 246 2146 360 2194; x_wconf 86' lang='lat' dir='ltr'>pinna</span> <span class='ocrx_word' id='word_1_214' title='bbox 391 2157 540 2183; x_wconf 90' lang='lat' dir='ltr'>sursum</span> <span class='ocrx_word' id='word_1_215' title='bbox 573 2147 766 2195; x_wconf 81' lang='lat' dir='ltr'>pinnulata</span> <span class='ocrx_word' id='word_1_216' title='bbox 799 2148 983 2185; x_wconf 85' lang='lat' dir='ltr'>interiore</span> <span class='ocrx_word' id='word_1_217' title='bbox 1014 2147 1132 2185; x_wconf 82' lang='lat' dir='ltr'>latere</span> <span class='ocrx_word' id='word_1_218' title='bbox 1171 2147 1423 2186; x_wconf 87' lang='lat' dir='ltr'>subsecundis</span> <span class='ocrx_word' id='word_1_219' title='bbox 1462 2150 1601 2197; x_wconf 67' lang='lat' dir='ltr'>paucis</span> 
     </span>
     <span class='ocr_line' id='line_1_30' title="bbox 163 2220 1476 2267; baseline 0.005 -15"><span class='ocrx_word' id='word_1_220' title='bbox 163 2220 299 2253; x_wconf 83' lang='lat' dir='ltr'>Callith.</span> <span class='ocrx_word' id='word_1_221' title='bbox 325 2222 512 2255; x_wconf 86' lang='lat' dir='ltr'>caudatum</span> <span class='ocrx_word' id='word_1_222' title='bbox 537 2221 569 2254; x_wconf 90' lang='lat' dir='ltr'>J.</span> <span class='ocrx_word' id='word_1_223' title='bbox 595 2222 653 2266; x_wconf 73' lang='lat' dir='ltr'>Ay.</span> <span class='ocrx_word' id='word_1_224' title='bbox 680 2224 701 2256; x_wconf 87' lang='lat' dir='ltr'>l.</span> <span class='ocrx_word' id='word_1_225' title='bbox 728 2234 756 2257; x_wconf 91' lang='lat' dir='ltr'>c.</span> <span class='ocrx_word' id='word_1_226' title='bbox 783 2223 854 2267; x_wconf 76' lang='lat' dir='ltr'><em>Alq.</em></span> <span class='ocrx_word' id='word_1_227' title='bbox 880 2224 968 2257; x_wconf 81' lang='lat' dir='ltr'>med.</span> <span class='ocrx_word' id='word_1_228' title='bbox 990 2234 1026 2267; x_wconf 83' lang='lat' dir='ltr'>p.</span> <span class='ocrx_word' id='word_1_229' title='bbox 1053 2225 1108 2257; x_wconf 73' lang='lat'>72.</span> <span class='ocrx_word' id='word_1_230' title='bbox 1134 2223 1234 2258; x_wconf 61' lang='lat' dir='ltr'>[seltz.</span> <span class='ocrx_word' id='word_1_231' title='bbox 1262 2234 1313 2267; x_wconf 85' lang='lat' dir='ltr'>sp.</span> <span class='ocrx_word' id='word_1_232' title='bbox 1334 2234 1370 2267; x_wconf 83' lang='lat' dir='ltr'>p.</span> <span class='ocrx_word' id='word_1_233' title='bbox 1398 2225 1476 2258; x_wconf 71' lang='lat'>645.</span> 
     </span>
    </p>
   </div>
   <div class='ocr_carea' id='block_1_9' title="bbox 68 2411 1602 2803">
    <p class='ocr_par' dir='ltr' id='par_1_9' title="bbox 68 2411 1602 2803">
     <span class='ocr_line' id='line_1_31' title="bbox 185 2411 1602 2458; baseline 0.003 -15"><span class='ocrx_word' id='word_1_234' title='bbox 185 2411 328 2452; x_wconf 79' lang='lat' dir='ltr'>Caespes</span> <span class='ocrx_word' id='word_1_235' title='bbox 368 2412 522 2444; x_wconf 88' lang='lat' dir='ltr'>minutus</span> <span class='ocrx_word' id='word_1_236' title='bbox 559 2413 618 2444; x_wconf 83' lang='lat' dir='ltr'>vix</span> <span class='ocrx_word' id='word_1_237' title='bbox 655 2411 744 2445; x_wconf 72' lang='grc'>4-5</span> <span class='ocrx_word' id='word_1_238' title='bbox 771 2414 880 2446; x_wconf 85' lang='lat' dir='ltr'>lineas</span> <span class='ocrx_word' id='word_1_239' title='bbox 914 2415 1018 2448; x_wconf 85' lang='lat' dir='ltr'>altus.</span> <span class='ocrx_word' id='word_1_240' title='bbox 1074 2415 1145 2448; x_wconf 87' lang='lat' dir='ltr'>Fila</span> <span class='ocrx_word' id='word_1_241' title='bbox 1180 2417 1346 2458; x_wconf 79' lang='lat' dir='ltr'>primaria</span> <span class='ocrx_word' id='word_1_242' title='bbox 1373 2415 1602 2448; x_wconf 85' lang='lat' dir='ltr'>horizontalia</span> 
     </span>
     <span class='ocr_line' id='line_1_32' title="bbox 70 2470 1601 2515; baseline 0.001 -12"><span class='ocrx_word' id='word_1_243' title='bbox 70 2470 235 2503; x_wconf 86' lang='lat' dir='ltr'>deorsum</span> <span class='ocrx_word' id='word_1_244' title='bbox 276 2470 471 2502; x_wconf 84' lang='lat' dir='ltr'>radicantia</span> <span class='ocrx_word' id='word_1_245' title='bbox 511 2471 637 2512; x_wconf 82' lang='lat' dir='ltr'>capillo</span> <span class='ocrx_word' id='word_1_246' title='bbox 679 2473 865 2514; x_wconf 86' lang='lat' dir='ltr'>crassiora,</span> <span class='ocrx_word' id='word_1_247' title='bbox 898 2482 1037 2505; x_wconf 85' lang='lat' dir='ltr'>sursum</span> <span class='ocrx_word' id='word_1_248' title='bbox 1064 2482 1180 2506; x_wconf 85' lang='lat' dir='ltr'>ramos</span> <span class='ocrx_word' id='word_1_249' title='bbox 1206 2474 1393 2506; x_wconf 83' lang='lat' dir='ltr'>verticales</span> <span class='ocrx_word' id='word_1_250' title='bbox 1420 2473 1601 2515; x_wconf 82' lang='lat' dir='ltr'>bi-terque</span> 
     </span>
     <span class='ocr_line' id='line_1_33' title="bbox 71 2528 1601 2573; baseline 0.002 -13"><span class='ocrx_word' id='word_1_251' title='bbox 71 2528 266 2560; x_wconf 87' lang='lat' dir='ltr'>ramulosos</span> <span class='ocrx_word' id='word_1_252' title='bbox 293 2529 497 2570; x_wconf 82' lang='lat' dir='ltr'>emittentia,</span> <span class='ocrx_word' id='word_1_253' title='bbox 524 2529 667 2560; x_wconf 86' lang='lat' dir='ltr'>ramulis</span> <span class='ocrx_word' id='word_1_254' title='bbox 694 2528 855 2560; x_wconf 86' lang='lat' dir='ltr'>omnibus</span> <span class='ocrx_word' id='word_1_255' title='bbox 883 2538 900 2560; x_wconf 88' lang='lat' dir='ltr'>e</span> <span class='ocrx_word' id='word_1_256' title='bbox 926 2529 1035 2562; x_wconf 77' lang='lat' dir='ltr'>latere</span> <span class='ocrx_word' id='word_1_257' title='bbox 1064 2533 1196 2562; x_wconf 80' lang='lat' dir='ltr'>tantum</span> <span class='ocrx_word' id='word_1_258' title='bbox 1223 2532 1360 2563; x_wconf 85' lang='lat' dir='ltr'>interno</span> <span class='ocrx_word' id='word_1_259' title='bbox 1377 2531 1419 2563; x_wconf 85' lang='lat' dir='ltr'>ad</span> <span class='ocrx_word' id='word_1_260' title='bbox 1437 2531 1601 2573; x_wconf 83' lang='lat' dir='ltr'>quodque</span> 
     </span>
     <span class='ocr_line' id='line_1_34' title="bbox 69 2586 1602 2632; baseline 0.002 -15"><span class='ocrx_word' id='word_1_261' title='bbox 69 2586 268 2625; x_wconf 85' lang='lat' dir='ltr'>geniculum</span> <span class='ocrx_word' id='word_1_262' title='bbox 297 2586 508 2619; x_wconf 82' lang='lat' dir='ltr'>exeuntibus</span> <span class='ocrx_word' id='word_1_263' title='bbox 534 2588 656 2619; x_wconf 86' lang='lat' dir='ltr'>stricte</span> <span class='ocrx_word' id='word_1_264' title='bbox 684 2587 863 2628; x_wconf 85' lang='lat' dir='ltr'>adpressis</span> <span class='ocrx_word' id='word_1_265' title='bbox 891 2587 1089 2632; x_wconf 71' lang='lat' dir='ltr'>fastigiatis,</span> <span class='ocrx_word' id='word_1_266' title='bbox 1117 2589 1246 2621; x_wconf 81' lang='lat' dir='ltr'>ultimis</span> <span class='ocrx_word' id='word_1_267' title='bbox 1273 2590 1486 2629; x_wconf 78' lang='lat' dir='ltr'>gracillimis.</span> <span class='ocrx_word' id='word_1_268' title='bbox 1534 2591 1602 2621; x_wconf 83' lang='lat' dir='ltr'>Ar-</span> 
     </span>
     <span class='ocr_line' id='line_1_35' title="bbox 68 2643 1599 2687; baseline 0.003 -12"><span class='ocrx_word' id='word_1_269' title='bbox 68 2643 166 2675; x_wconf 86' lang='lat' dir='ltr'>ticuli</span> <span class='ocrx_word' id='word_1_270' title='bbox 206 2643 376 2676; x_wconf 83' lang='lat' dir='ltr'>diametro</span> <span class='ocrx_word' id='word_1_271' title='bbox 415 2654 526 2686; x_wconf 89' lang='lat' dir='ltr'>usquc</span> <span class='ocrx_word' id='word_1_272' title='bbox 564 2645 728 2685; x_wconf 75' lang='lat' dir='ltr'>sextuplo</span> <span class='ocrx_word' id='word_1_273' title='bbox 767 2645 943 2685; x_wconf 76' lang='lat' dir='ltr'>longiores</span> <span class='ocrx_word' id='word_1_274' title='bbox 978 2647 1011 2677; x_wconf 89' lang='lat' dir='ltr'>in</span> <span class='ocrx_word' id='word_1_275' title='bbox 1051 2646 1115 2678; x_wconf 78' lang='lat' dir='ltr'>tilis</span> <span class='ocrx_word' id='word_1_276' title='bbox 1144 2648 1319 2687; x_wconf 88' lang='lat' dir='ltr'>primariis</span> <span class='ocrx_word' id='word_1_277' title='bbox 1349 2646 1391 2679; x_wconf 91' lang='lat' dir='ltr'>ad</span> <span class='ocrx_word' id='word_1_278' title='bbox 1418 2647 1599 2686; x_wconf 83' lang='lat' dir='ltr'>geniculos</span> 
     </span>
     <span class='ocr_line' id='line_1_36' title="bbox 70 2702 1601 2746; baseline 0.003 -14"><span class='ocrx_word' id='word_1_279' title='bbox 70 2702 197 2733; x_wconf 85' lang='lat' dir='ltr'>eximie</span> <span class='ocrx_word' id='word_1_280' title='bbox 223 2703 407 2734; x_wconf 82' lang='lat' dir='ltr'>contracti.</span> <span class='ocrx_word' id='word_1_281' title='bbox 464 2702 610 2735; x_wconf 77' lang='lat' dir='ltr'>Utriculi</span> <span class='ocrx_word' id='word_1_282' title='bbox 636 2702 798 2744; x_wconf 82' lang='lat' dir='ltr'>sporiseri</span> <span class='ocrx_word' id='word_1_283' title='bbox 826 2703 868 2735; x_wconf 89' lang='lat' dir='ltr'>ad</span> <span class='ocrx_word' id='word_1_284' title='bbox 895 2704 1047 2735; x_wconf 83' lang='lat' dir='ltr'>ramulos</span> <span class='ocrx_word' id='word_1_285' title='bbox 1076 2703 1304 2737; x_wconf 82' lang='lat' dir='ltr'>brevissimos</span> <span class='ocrx_word' id='word_1_286' title='bbox 1331 2713 1426 2745; x_wconf 83' lang='lat' dir='ltr'>saepe</span> <span class='ocrx_word' id='word_1_287' title='bbox 1452 2705 1601 2746; x_wconf 83' lang='lat' dir='ltr'>opposi-</span> 
     </span>
     <span class='ocr_line' id='line_1_37' title="bbox 69 2761 1599 2803; baseline 0.002 -11"><span class='ocrx_word' id='word_1_288' title='bbox 69 2763 123 2793; x_wconf 84' lang='lat' dir='ltr'>tos</span> <span class='ocrx_word' id='word_1_289' title='bbox 150 2769 273 2793; x_wconf 69' lang='lat' dir='ltr'>versus</span> <span class='ocrx_word' id='word_1_290' title='bbox 312 2761 465 2794; x_wconf 87' lang='lat' dir='ltr'>medium</span> <span class='ocrx_word' id='word_1_291' title='bbox 490 2761 624 2794; x_wconf 81' lang='lat' dir='ltr'>frondis</span> <span class='ocrx_word' id='word_1_292' title='bbox 650 2762 708 2793; x_wconf 80' lang='lat' dir='ltr'>siti</span> <span class='ocrx_word' id='word_1_293' title='bbox 735 2763 770 2793; x_wconf 84' lang='lat' dir='ltr'>et</span> <span class='ocrx_word' id='word_1_294' title='bbox 796 2763 841 2793; x_wconf 81' lang='lat' dir='ltr'>ita</span> <span class='ocrx_word' id='word_1_295' title='bbox 868 2763 1044 2794; x_wconf 84' lang='lat' dir='ltr'>numerosi</span> <span class='ocrx_word' id='word_1_296' title='bbox 1073 2764 1110 2794; x_wconf 86' lang='lat' dir='ltr'>ut</span> <span class='ocrx_word' id='word_1_297' title='bbox 1136 2761 1206 2794; x_wconf 81' lang='lat' dir='ltr'>sere</span> <span class='ocrx_word' id='word_1_298' title='bbox 1233 2762 1433 2803; x_wconf 84' lang='lat' dir='ltr'>gloiocarpa</span> <span class='ocrx_word' id='word_1_299' title='bbox 1460 2764 1599 2802; x_wconf 82' lang='lat' dir='ltr'>generis</span> 
     </span>
    </p>
   </div>
   <div class='ocr_carea' id='block_1_10' title="bbox 69 2816 1467 2908">
    <p class='ocr_par' dir='ltr' id='par_1_10' title="bbox 69 2816 1467 2908">
     <span class='ocr_line' id='line_1_38' title="bbox 69 2816 1364 2861; baseline 0.003 -13"><span class='ocrx_word' id='word_1_300' title='bbox 69 2816 269 2850; x_wconf 77' lang='lat' dir='ltr'>Griffitbsiae</span> <span class='ocrx_word' id='word_1_301' title='bbox 294 2819 470 2852; x_wconf 85' lang='lat' dir='ltr'>simulent.</span> <span class='ocrx_word' id='word_1_302' title='bbox 519 2819 621 2852; x_wconf 88' lang='lat' dir='ltr'>Color</span> <span class='ocrx_word' id='word_1_303' title='bbox 646 2820 857 2861; x_wconf 82' lang='lat' dir='ltr'>coccineus3</span> <span class='ocrx_word' id='word_1_304' title='bbox 883 2820 1078 2853; x_wconf 83' lang='lat' dir='ltr'>substantia</span> <span class='ocrx_word' id='word_1_305' title='bbox 1107 2818 1364 2858; x_wconf 75' lang='lat' dir='ltr'>1·igidiuscula.”</span> 
     </span>
     <span class='ocr_line' id='line_1_39' title="bbox 1431 2877 1467 2908; baseline 0 0"><span class='ocrx_word' id='word_1_306' title='bbox 1431 2877 1467 2908; x_wconf 63' lang='lat'>3*</span> 
     </span>
    </p>
   </div>
  </div>
 </body>
</html>
