1907 3004
236 61 261 100 2
270 61 296 100 6
305 62 330 100 4
877 50 1125 92 GicAarixEAE.
1534 49 1773 108 quartina.

235 189 501 231 Sphael'OSporoe
541 187 575 217 in
615 192 715 217 soros
755 182 933 226 collectae,
973 184 1031 225 qui
1070 183 1275 227 plerumque
1319 183 1532 216 ramulorum
1571 183 1772 216 inferiorem

234 251 369 291 partem
397 243 651 278 unilateraliter
675 243 909 274 incrassatam
935 241 1097 274 reddunt.
1134 241 1336 276 Substantia
1363 242 1463 274 firma
1489 242 1770 285 coriacea‚unde

235 306 365 337 charta}
405 304 462 334 xix
500 301 674 343 adhoeret,
716 298 913 333 madefacta
951 299 1089 333 facilius
1116 301 1329 334 dissolvitur.
1380 300 1482 333 Color
1508 301 1661 332 recentis
1686 310 1772 342 pur-

234 372 364 404 pureus
392 363 452 393 aut
477 361 749 393 atrovirescens.

328 418 467 451 Hooker
507 420 542 450 et
578 418 714 460 Harvey
751 419 961 452 varietatem
998 419 1182 460 pinnatam
1219 417 1322 459 lmJus
1349 418 1493 460 speciei,
1521 426 1564 450 ex
1589 417 1773 450 Tasmania

236 478 430 522 oriundam,
457 478 663 521 memorant,
690 485 794 520 quam
823 477 888 519 ipsi
916 478 1073 519 speciem
1100 476 1273 510 diversam
1299 478 1537 519 suspicantur.

362 554 378 570 ὃ

275 661 342 694 Μ
374 661 533 703 Fronde
565 660 841 701 tereliuscula
874 664 947 701 αηΙ
978 671 1234 712 compressa,
1266 657 1738 712 dichotomo-flabellata

514 728 774 781 maculisque
805 728 996 770 distichis
1028 727 1319 780 subpinnalz'm
1350 727 1500 769 obsita.

237 858 271 895 3.
305 861 574 896 G.1‘15T1LLATA
607 855 710 900 [Gm.
742 855 841 892 Hist.
883 856 979 894 Fue.
1017 867 1057 903 p.
1106 854 1203 900 ⁴59)
1250 854 1388 893 fronde
1432 853 1674 892 teretiuscula
1717 852 1781 889 di-

347 923 738 970 chotoma-sastigiata
780 923 978 973 ssabellata,
1021 923 1254 971 ramulisque
1295 922 1462 960 distichis
1493 921 1660 972 pinnata,
1691 932 1781 968 seg-

347 990 486 1028 mentis
530 991 735 1040 pinnisque
773 990 1084 1043 subaeurninatis,
1123 990 1365 1038 eystocarpiis
1405 991 1442 1027 in
1482 989 1648 1039 pinnulis
1686 989 1782 1025 sub-

349 1058 629 1109 terininalibus,
667 1059 766 1097 soris
804 1059 843 1096 in
882 1059 1089 1106 segmentis
1120 1057 1386 1108 superioribus
1418 1055 1593 1107 plurimis
1625 1055 1781 1093 demum

348 1127 388 1164 in
420 1127 538 1164 lineas
571 1127 767 1174 elongatus
799 1125 1170 1164 subconfluentibus.

333 1216 447 1249 Fucus
473 1203 665 1257 pistillatus
692 1213 767 1249 Gm.
794 1215 816 1249 l.
845 1224 874 1249 c.
901 1213 971 1248 tab.
1000 1215 1041 1248 48
1065 1211 1122 1258 fiq.
1156 1214 1189 1247 41
1226 1211 1397 1247 Lamour.
1428 1211 1523 1247 Diss.
1557 1222 1593 1256 p.
1632 1214 1669 1245 54
1714 1212 1783 1246 tab.

239 1274 372 1309 XXVII
396 1276 429 1308 et
454 1273 625 1309 XXVIII!

334 1335 514 1376 Gigartina
551 1334 721 1376 pistillata
761 1331 860 1367 Lam.
897 1331 1009 1365 Ess.!!
1042 1329 1147 1365 Grev.
1174 1329 1244 1375 Alq.
1272 1329 1361 1365 Bru.
1384 1341 1419 1375 p.
1449 1331 1524 1365 446.
1550 1330 1659 1365 Ηανυ.
1687 1331 1785 1366 Man.

235 1403 269 1437 p.
296 1395 352 1427 75.
391 1391 502 1426 Mont.
540 1384 590 1426 Fl.
628 1392 699 1436 Alq.
732 1402 768 1436 p.
808 1392 869 1426 99!
918 1390 998 1434 Voy.
1038 1390 1110 1425 Pol.
1149 1389 1231 1424 Sud.
1254 1400 1290 1434 p.
1320 1390 1410 1423 449?
1446 1389 1549 1424 Ii'u'lz.
1576 1400 1627 1434 sp.
1656 1389 1725 1435 Δίῃ.
1748 1400 1784 1434 p.

242 1451 324 1484 740!

334 1510 449 1543 Fucus
488 1510 684 1551 gigartinus
721 1506 780 1551 L.;
810 1506 914 1542 Turn.
943 1506 1029 1541 Hist.
1056 1507 1124 1541 lab.
1152 1509 1213 1541 28!
1239 1506 1340 1551 Enql.
1366 1505 1443 1541 Boc.
1469 1505 1539 1540 tab.
1567 1508 1649 1551 9083
1677 1505 1784 1541 Good.

240 1570 273 1602 et
306 1567 454 1602 il'oodw.
480 1568 518 1602 in
543 1566 649 1601 Linn.
682 1566 735 1602 Tr.
763 1568 782 1600 3
803 1577 840 1611 p,
869 1568 934 1600 483
960 1566 1031 1600 tab.
1062 1568 1102 1600 47
1128 1565 1153 1610 fi
1181 1568 1200 1600 3
1227 1569 1260 1601 et
1286 1567 1317 1601 4.

335 1627 617 1669 Spliaerococcus
645 1628 840 1668 gigartinus
867 1625 925 1670 Ay.
952 1636 1003 1670 sp.
1030 1625 1102 1670 Aly.
1125 1636 1160 1670 p.
1187 1626 1253 1660 274
1280 1628 1313 1660 et
1338 1625 1430 1670 Sysc.
1453 1636 1488 1670 p.
1516 1625 1596 1659 2¹24!
1630 1639 1632 1641 >

337 1685 415 1717 Cer.
443 1686 659 1726 gigartinum
686 1684 786 1719 Ifollz.
813 1684 878 1718 Cat
904 1684 972 1718 III.
994 1695 1029 1729 p.
1059 1685 1140 1719 409!

335 1743 450 1777 Fucus
477 1744 606 1777 Oederi
633 1744 713 1788 Esp.
741 1746 765 1778 t.
795 1744 870 1777 435.

354 1816 442 1853 llab.
475 1815 512 1853 in
543 1815 701 1864 rupibus
730 1815 846 1853 maris
876 1815 1042 1853 atlantici
1081 1815 1267 1853 demersis
1299 1826 1317 1852 a
1349 1814 1539 1852 Britannia
1570 1814 1785 1852 australiori

243 1895 364 1932 usque
395 1882 440 1920 ad
473 1883 631 1930 Tinginl
664 1882 709 1919 ad
742 1882 880 1919 insulas
910 1882 1099 1919 Auckiand
1130 1882 1223 1930 (sec.
1256 1882 1492 1930 Montagne).

336 1960 446 1992 Frons
483 1968 636 2001 pennam
674 1959 853 1991 corvinam
893 1959 1055 1991 crassitie
1093 1967 1250 2002 aequans,
1289 1959 1572 2002 G—Spollicaris,
1612 1968 1629 1992 a
1668 1960 1785 1993 radice

245 2021 382 2052 scutata
408 2027 557 2059 surgens
585 2018 716 2060 erecta,
745 2016 1023 2058 subregularitcr
1049 2017 1248 2050 dichotoma
1276 2017 1455 2058 fastigiata
1484 2020 1518 2049 et
1531 2017 1785 2061 subssabellata,

245 2077 406 2120 apicibus
444 2076 660 2118 patentibus.
721 2075 858 2108 Sterilis
897 2075 964 2108 hoc
1000 2075 1072 2108 sere
1099 2078 1193 2108 statu
1220 2078 1356 2117 manet,
1382 2076 1501 2117 planta
1526 2085 1609 2109 vero
1637 2076 1787 2109 fructifi-

245 2146 341 2179 cans,
367 2137 402 2168 in
429 2134 593 2167 inferiore
621 2135 720 2175 parte
756 2134 977 2177 nudiuscula‚
1005 2135 1040 2166 in
1067 2135 1249 2176 superiore
1276 2135 1404 2166 emittit
1428 2134 1554 2176 pinnas
1582 2143 1787 2168 numerosas

244 2195 522 2237 potentissimas,
549 2193 660 2225 lineas
685 2201 819 2234 paucas
848 2195 907 2225 aut
933 2192 1004 2225 sere
1031 2193 1286 2235 semipollieem
1308 2193 1444 2236 longas,
1471 2192 1717 2226 subsecundus
1733 2195 1788 2226 vel

247 2253 430 2296 ‹listiclias,
457 2252 639 2285 subulatas
678 2253 738 2284 aut
775 2253 997 2294 cystocarpio
1037 2253 1255 2295 terminatas,
1290 2252 1471 2294 simplices
1498 2255 1558 2285 aut
1582 2261 1672 2285 nova
1697 2254 1786 2285 serie

245 2312 454 2354 plerumque
495 2309 653 2342 secunda
690 2311 900 2352 pectinatas.
959 2300 1189 2352 Cystocaipia
1214 2309 1303 2343 infra
1330 2311 1467 2353 apicem
1492 2312 1679 2353 pinnarum
1706 2311 1787 2353 pin-

249 2371 450 2403 nularumve
488 2369 646 2413 sessilia,
686 2377 855 2402 mucrone
893 2369 1103 2402 brevissimo
1141 2368 1214 2401 fere
1252 2370 1483 2411 inconspicuo
1526 2371 1692 2411 superata
1729 2372 1788 2401 aut

247 2428 454 2471 terminalia,
494 2428 528 2459 in
566 2428 673 2469 pinna
707 2427 845 2468 singula
878 2429 938 2460 aut
963 2428 1074 2470 plura.
1125 2426 1202 2460 Sori
1230 2426 1557 2468 spliae1·os1)oraru111
1583 2426 1786 2468 subpromi-

248 2488 382 2529 nentes,
410 2487 443 2519 in
482 2485 727 2526 superioribus
767 2487 962 2527 segmentis
1001 2486 1150 2518 evolutae
1177 2485 1352 2527 plurimae,
1378 2486 1478 2518 initio
1504 2484 1785 2518 maculwsormes

249 2544 434 2587 distantes,
469 2544 607 2578 demum
635 2546 669 2577 in
695 2544 806 2577 lineas
833 2545 956 2586 longas
984 2546 1215 2577 confluentes.
1265 2544 1367 2577 Color
1393 2543 1544 2579 obscure
1568 2551 1786 2586 purpureus,

250 2603 451 2636 Sulis-tauma
480 2603 720 2644 cartilaginea.
746 2622 791 2628 ——
816 2603 996 2647 Perennis,
1022 2603 1136 2636 hieme
1164 2603 1354 2636 fructifera.

257 2669 336 2704 l'ar.
358 2673 542 2714 pectinata
568 2672 690 2706 fronde
717 2682 921 2716 compressa
948 2674 1066 2715 pinnis
1093 2672 1318 2707 densioribus
1344 2672 1534 2714 pectinata.

345 2730 524 2769 Gigartina
548 2733 729 2775 pectinata
753 2730 870 2775 Bory!

345 2787 662 2823 Cbondroclonium
688 2791 866 2823 borridum
892 2789 993 2823 Iseilz.
1019 2798 1070 2832 sp.
1091 2799 1126 2832 p.
1155 2788 1236 2822 7410!

344 2845 429 2880 llab.
457 2847 500 2880 ad
526 2857 604 2881 oras
632 2849 807 2893 Hispania:
837 2849 920 2891 (Hb.
948 2847 1093 2890 Webbl)
