1907 3004
106 66 436 112 Callithamnion.
769 75 978 118 (humum.
1574 88 1599 126 2
1609 90 1633 126 7

176 200 255 250 †††
287 200 592 250 Caulescenles,
625 207 785 254 eret-cce,
817 206 1124 259 spluelvsporis
1155 212 1367 262 triamsule
1397 214 1556 256 dicisz‘s,

99 300 161 338 20.
193 304 228 339 C.
262 311 463 340 FLoeeosuu
494 299 634 352 [Mali.
677 305 735 342 Fl.
774 306 875 345 Dan.
917 309 994 347 tab.
1028 311 1126 354 898)
1160 314 1295 350 fronde
1327 320 1452 355 erecta
1483 318 1631 357 distan-

209 372 267 405 ter
296 380 442 407 ramosa
476 372 652 419 opposite
683 373 849 424 pinnula,
881 377 1007 424 pinnis
1025 379 1259 428 simplicibus
1277 383 1457 420 subulatis
1474 389 1630 423 erecto-

207 435 442 487 patentibus,
495 438 662 477 articulis
717 441 964 482 inferioribus
1008 446 1195 485 diametro
1241 449 1330 499 8pl0
1375 453 1629 503 longioribus,

205 503 478 551 spliaerosporis
520 506 753 554 peuicellutis
790 509 827 546 in
866 515 970 559 parte
1012 513 1195 553 inferiore
1226 518 1429 566 pinnarum
1461 520 1627 558 laterali-

205 569 288 619 bus,
321 570 507 618 triangulo
538 572 677 610 divisis.

186 635 356 668 Conserva
383 637 535 670 floccosa
562 637 610 671 Fl.
638 637 730 673 Dan.
757 640 778 673 l.
805 651 836 674 c.

185 691 453 727 Callitliamnion
480 697 672 729 floccosum
698 697 756 741 Ay.
782 708 833 742 sp.
860 700 1020 743 (partim)
1048 701 1097 735 II.
1119 713 1155 746 p.
1183 707 1247 738 458
1286 706 1394 743 llarv.
1416 708 1624 753 Phyc.Br2·t.

90 749 160 783 tab.
187 751 246 783 84!
272 750 374 784 Βάκ.
399 761 449 794 sp.
472 762 509 795 p.
538 753 621 786 646!

182 808 316 842 Callith.
340 810 495 850 plumula
520 808 648 853 Lynqb.
675 810 781 856 Hydr.
808 812 901 848 Dan.
922 825 960 858 p.
989 817 1053 849 427
1079 817 1185 859 (cxcl.
1212 821 1335 862 syn.)‘?

180 865 315 898 Callitli.
352 866 542 899 Pollexseni
579 867 688 901 Harv.
725 870 763 903 in
799 871 888 905 Arm.
925 871 1006 907 Nat.
1044 873 1132 909 msc.
1158 875 1251 910 XIV.
1271 888 1308 921 p.
1337 880 1401 912 486
1426 880 1495 914 tab.
1520 883 1541 914 5
1564 881 1620 925 fiq.

85 923 187 954 5—7.

84 992 168 1018 var.
197 981 243 1031 β.
271 982 427 1030 pusilla
457 984 594 1024 fronde
625 999 734 1038 nana,
766 989 891 1037 pinnis
922 991 1194 1034 obtusioribus.

174 1047 210 1080 C.
236 1049 391 1090 plumula
415 1054 447 1090 β.
475 1052 602 1092 pusilla
628 1051 757 1097 Lynyb.
784 1055 805 1087 l.
832 1056 899 1089 c.!!

191 1107 277 1144 [lab.
318 1107 353 1145 in
399 1112 550 1148 Oceano
595 1114 773 1152 atlantico
819 1115 961 1154 boreali
1007 1119 1052 1156 ad
1099 1120 1221 1160 littora
1260 1125 1394 1162 Scotiae
1426 1127 1613 1175 (Dickiel)

79 1174 266 1211 Orcudum
299 1178 336 1211 et
367 1180 602 1216 Faeroenrum
635 1182 874 1229 (Lyngbyel)

171 1240 325 1274 Frondes
351 1243 440 1276 2-4
466 1245 653 1285 pollicares
691 1249 831 1292 erectae,
869 1249 1041 1283 distanter
1069 1261 1229 1297 ramosa),
1256 1263 1273 1287 a
1301 1254 1378 1288 basi
1405 1258 1610 1303 articulatae,

76 1298 191 1341 nudae,
218 1299 386 1344 flaccidae,
429 1304 626 1336 crassitiem
664 1306 867 1346 capillarem
905 1316 1029 1348 parum
1068 1313 1288 1354 superantes,
1329 1314 1464 1348 inferne
1490 1317 1607 1358 pinnis

76 1356 341 1402 subdenudatae,
384 1369 535 1401 superne
571 1363 687 1403 pinnis
726 1363 949 1398 densioribus
988 1369 1023 1399 et
1062 1370 1166 1401 ramis
1206 1371 1360 1410 pinnatis
1395 1374 1609 1409 subalternis

76 1413 214 1447 obsitae.
269 1415 387 1450 Pinnae
421 1427 526 1459 supra
566 1421 718 1453 medium
746 1424 882 1456 articuli
910 1425 1142 1471 egredientes,
1170 1431 1357 1472 opposita),
1383 1433 1608 1474 simplicissi-

74 1480 151 1515 mae,
186 1476 345 1514 quartam
371 1475 473 1508 lineae
511 1480 646 1518 partem
684 1481 742 1512 vix
767 1484 961 1526 aequantes,
990 1484 1059 1516 ima
1084 1485 1160 1518 basi
1187 1487 1461 1534 subcontractae,
1489 1493 1604 1526 medio

74 1532 279 1575 crassiores,
307 1534 406 1574 apice
432 1534 534 1575 longe
561 1538 785 1580 acuminatae3
811 1540 916 1580 pinna
944 1550 1011 1574 una
1038 1543 1090 1575 vel
1117 1545 1226 1577 altera
1252 1551 1499 1591 excrescente,
1520 1553 1604 1583 rami

72 1587 266 1621 formantur
292 1590 531 1625 conformibus
556 1595 673 1634 pinnis
701 1595 816 1629 obsiti.
866 1600 1013 1632 Articuli
1040 1601 1074 1633 in
1099 1601 1168 1634 filis
1194 1605 1370 1644 primariis
1397 1607 1605 1641 infimibre—

70 1646 198 1689 viores,
236 1650 427 1689 sequentes
465 1659 577 1692 usque
615 1652 694 1694 8p10
727 1654 897 1688 diametro
923 1657 1111 1702 longiores,
1138 1662 1341 1701 superiores
1367 1665 1494 1697 iterum
1519 1666 1604 1699 bre-

71 1707 184 1738 viores
221 1706 391 1740 diametro
430 1709 579 1751 2-3p10
618 1711 810 1752 longiores.
869 1714 1136 1758 Sphaerosporae
1162 1727 1206 1751 ex
1232 1721 1419 1760 pinnarum
1445 1725 1602 1758 articulis

67 1763 292 1798 inferioribus
329 1768 488 1812 evolutae,
525 1769 699 1809 pedicello
737 1773 1004 1807 uni-articulato
1031 1776 1195 1822 suffultae,
1222 1778 1465 1824 sphaeroideae‚
1493 1784 1603 1816 trian—

67 1823 147 1862 gule
185 1824 307 1857 divisae
345 1830 407 1864 (ex
445 1825 607 1870 Harvey).
667 1828 814 1863 Favellae
853 1833 993 1872 ignotae.
1041 1835 1152 1877 Magis
1180 1846 1284 1879 quam
1309 1839 1470 1880 plurimae
1502 1841 1601 1873 vide-

67 1881 124 1913 tur
148 1881 294 1914 lubrica.

161 1939 368 1974 varietatem
406 1942 543 1975 allatam
581 1943 648 1977 huc
684 1948 874 1992 pertinere,
902 1950 960 1983 vix
997 1951 1141 1985 dubium
1167 1954 1249 1987 mihi
1277 1955 1425 1989 videtur.
1474 1957 1599 1991 Neuti—

66 2004 170 2037 quam
207 1999 299 2030 enim
336 2000 379 2032 ad
416 2001 451 2033 C.
489 2003 654 2047 plumam,
692 2005 735 2038 ad
763 2015 866 2048 quam
894 2008 937 2040 ab
962 2009 1173 2045 Auctoribus
1202 2014 1351 2057 ducitur,
1378 2014 1598 2049 referendam

65 2062 157 2097 esse,
184 2063 228 2087 ex
254 2056 493 2099 descriptione
521 2063 594 2095 tota
617 2063 715 2096 velut
740 2074 785 2097 ex
810 2068 1003 2108 specimine
1030 2070 1189 2110 originali
1218 2073 1304 2105 satis
1330 2075 1438 2114 patet.
1473 2074 1598 2108 Erecta

65 2114 130 2155 est,
162 2113 582 2162 decomposito-pinnata‚
618 2123 717 2154 caule
756 2124 907 2157 evidenti
945 2126 1127 2171 instructa,
1166 2131 1401 2174 capsulasque
1428 2135 1519 2173 gerit
1543 2134 1597 2167 la-

63 2170 202 2215 terales,
229 2182 306 2214 quae
345 2177 459 2208 omnia
498 2186 516 2210 a
554 2178 589 2211 C.
626 2181 748 2221 pluma
786 2181 988 2216 abhorrent.
1049 2185 1085 2217 C.
1118 2188 1311 2221 floccosum
1337 2191 1371 2222 in
1399 2190 1595 2232 Speciebus

63 2226 226 2266 Algarum
265 2238 345 2262 cum
381 2232 417 2264 C.
454 2235 619 2275 plumulae
655 2237 764 2271 forma
792 2241 977 2275 confusum
1004 2243 1080 2277 suit.
1129 2245 1275 2280 Nomine
1302 2248 1337 2281 C.
1364 2250 1529 2290 plumulae
1556 2250 1594 2283 C.

63 2284 255 2317 iloccosum
282 2296 298 2319 a
329 2287 510 2332 Lynghyeo
548 2296 672 2327 exacte
710 2297 933 2343 describitur,
970 2301 1033 2333 sed
1071 2313 1263 2346 synonyma
1301 2306 1447 2346 plurima
1476 2308 1589 2340 cidem

62 2348 132 2373 non
156 2345 343 2384 pertinent.
394 2346 528 2390 Harvey
553 2359 615 2391 pro
641 2361 737 2386 more
762 2359 978 2396 praesentem
1004 2361 1350 2402 eximieillustravit;
1365 2364 1590 2398 articulorum

60 2408 142 2433 vero
169 2401 420 2443 longitudinem
447 2407 548 2439 aliam
574 2409 654 2442 vidi.

111 2557 219 2609 ††††
250 2559 556 2616 Casulescentes,
587 2570 747 2617 erectoe,
779 2570 1084 2623 splaoerosporis
1116 2577 1342 2617 cruciatim
1371 2577 1531 2619 dic-isis.

57 2667 119 2707 24.
151 2674 187 2709 C.
219 2680 413 2712 CRUClATUM
444 2676 531 2724 (Ay.
563 2677 645 2715 Boc.
676 2678 779 2717 Zeit.
816 2680 916 2718 4827
944 2693 983 2730 p.
1017 2681 1115 2731 637)
1147 2687 1354 2739 caespitosa,
1385 2689 1454 2726 filis
1494 2701 1585 2728 ero-

166 2739 357 2778 ctiusculis
398 2754 511 2791 parce
551 2746 722 2796 ramosis,
760 2747 877 2785 deuse
909 2749 1085 2802 pinnatis,
1116 2753 1242 2801 pinnis
1274 2755 1476 2804 pinnulatis
1508 2769 1583 2805 op-

165 2805 296 2853 positis
327 2813 391 2846 aut
419 2812 648 2850 verticillntis
679 2815 901 2853 tetrasticliis
932 2817 1038 2866 apice
1064 2831 1257 2859 tainorum
1275 2824 1583 2873 conglomeratis,
