1907 3004
87 91 437 151 Gymnoqonqrus,
734 91 980 137 Glosnrisrffi.
1522 92 1614 136 315

83 224 386 274 mediterraneis,
418 224 518 262 nulla
549 234 622 262 nec
652 228 848 263 structurae
887 237 959 264 nec
992 226 1133 264 fructus
1164 225 1382 265 diversitate
1414 226 1450 265 in
1481 226 1618 276 plantis

82 292 207 329 babitu
239 290 440 328 similliinis
471 291 635 328 Cliondri
669 292 781 339 crispi
817 295 853 328 ct
883 294 943 330 Cli.
963 293 1157 341 norvegici
1177 295 1618 344 suspecta,cliaractcres

82 359 258 397 Cliondro
311 359 442 405 generi
499 359 632 409 tribui,
684 358 721 395 in
767 362 1101 407 Gymnogongruin
1157 364 1300 398 tantum
1353 362 1616 411 adplicandos;

82 429 221 464 Fucum
268 425 473 462 Giissiuisim
520 437 610 463 vero
657 437 676 462 a
722 425 925 472 Gigartinis
964 426 1007 462 ad
1048 427 1264 464 Clioudrum
1298 433 1401 465 recte
1434 429 1616 466 transtuli.

83 492 296 540 lx'iitzingius
343 494 381 530 iu
426 491 648 541 l‘liycologiu
692 492 781 529 dein
822 492 1033 529 differentia
1076 494 1238 541 quadam
1279 498 1475 533 structura>
1518 496 1618 533 iuter

81 572 192 599 veros
223 560 420 598 Cliondros
452 564 489 597 et
520 560 591 597 illis
623 560 749 597 babitu
781 559 994 596 simillimos
1027 562 1343 608 Gymnogongros
1376 561 1550 612 indicata,
1582 565 1619 599 et

81 627 353 676 spbaerosporis
383 627 548 664 (lliondri
580 627 751 677 detectis,
782 630 887 664 vetus
920 637 1039 674 genus
1070 627 1235 663 Cliondri
1269 627 1305 664 in
1339 630 1442 676 plura
1474 629 1617 666 dissol-

81 695 141 732 vit.
203 697 248 732 lix
295 695 405 732 novis
450 695 505 732 liis
549 694 754 742 generibus
799 695 1037 744 Oncotylum,
1083 696 1120 730 et
1157 697 1300 742 partem
1342 696 1539 744 'l'vlocarpi
1571 695 1616 732 ad

81 765 417 810 Gymnogongrum
450 762 595 811 reser03
626 762 795 810 speciem
826 772 981 810 quoque
1015 772 1129 799 unam
1161 761 1260 798 illius
1292 763 1456 800 Chondri
1488 766 1618 800 Gene-

82 830 132 868 ris
163 830 207 868 ad
240 832 577 877 Gymnogongrum
609 829 851 867 referendam
884 839 1037 867 censeo.
1070 829 1320 877 'l'vlocarpum
1340 830 1618 876 etOncotvlum

80 896 249 935 distinxit
279 897 449 946 Kutzing,
480 899 558 933 tum
592 897 712 934 forma
745 896 889 934 frondis
921 896 1030 933 tereti
1062 899 1126 934 aut
1156 897 1278 946 plana,
1309 900 1386 934 tum
1416 898 1617 934 nematlie-

80 965 148 1002 ciis
194 964 231 1001 in
277 974 354 1001 uno
396 959 750 1015 amplexicaulibus,
784 964 821 1001 in
861 965 981 1002 altero
1014 964 1225 1013 pulvinatis.
1286 967 1327 1001 ln
1358 964 1618 1012 descriptione

78 1034 251 1080 Algarum
294 1031 529 1082 Liebmanni,
565 1032 752 1081 suspicata
791 1032 953 1080 quadam
993 1032 1349 1082 Spliaerosporarum
1393 1032 1618 1080 differentia,

80 1112 192 1149 quam
238 1100 402 1148 cognitis
446 1100 723 1149 spluerosporis
753 1103 794 1140 G.
826 1099 1019 1148 norvegici
1051 1100 1166 1137 hodie
1197 1101 1339 1137 nullam
1379 1110 1461 1136 esse
1494 1098 1617 1148 video,

79 1171 208 1216 van.
247 1167 456 1204 Griffithsiae
495 1179 514 1204 a
554 1167 699 1206 coeteris
731 1167 933 1216 speciebus
964 1167 1144 1215 separavi.
1206 1169 1347 1212 llarvey
1380 1166 1437 1212 (in
1469 1166 1618 1211 Phyco-

80 1235 199 1283 logia)
244 1245 363 1282 genus
408 1234 694 1282 Gymnogongri
740 1235 897 1283 recepit,
943 1234 1028 1270 liuic
1072 1243 1162 1271 vero
1203 1233 1297 1270 alios
1329 1232 1469 1269 limites
1499 1232 1617 1280 duxit,

79 1306 158 1339 tum
201 1312 340 1350 nempe
386 1305 472 1341 Fue.
519 1301 697 1350 plicatum
744 1301 957 1351 includens,
1002 1303 1081 1338 tum
1118 1303 1261 1338 Fucum
1292 1299 1539 1347 norvegicum
1570 1300 1617 1337 ad

79 1370 296 1407 (lliondrum
343 1369 525 1406 reserens.
600 1372 639 1406 In
686 1369 819 1406 ultimo
859 1379 928 1406 suo
969 1379 1088 1417 opere
1120 1368 1338 1416 Ktitzingius
1369 1378 1508 1415 genera
1541 1366 1618 1403 luco

79 1438 161 1473 sere
208 1436 347 1473 eodem
394 1437 512 1474 modo
554 1437 736 1487 definivit,
768 1448 911 1475 nomen
943 1447 1034 1474 vero
1067 1435 1262 1485 'l'ylocarpi
1296 1436 1332 1472 in
1365 1437 1616 1482 vanogon-

78 1516 186 1553 grum
225 1505 390 1543 mutavit.
461 1507 586 1542 Genus
631 1505 756 1553 itaque
799 1516 867 1554 per
909 1504 1030 1542 varios
1061 1514 1182 1554 casus,
1214 1515 1282 1552 per
1312 1505 1368 1539 tot
1398 1501 1616 1539 discrimina

78 1574 296 1621 formatum,
328 1571 442 1609 bodie
473 1572 628 1609 demum
663 1572 867 1609 stabilitum
899 1572 1017 1620 magis
1049 1582 1163 1620 spero
1194 1582 1308 1619 quam
1338 1569 1504 1620 conlido,
1533 1570 1617 1607 sru-

78 1640 199 1678 ctibus
230 1640 267 1677 in
299 1639 472 1689 plurimis
503 1639 705 1688 speciebus
737 1640 909 1678 nondum
941 1640 1115 1688 coguitis.

188 1707 428 1746 Nematliecia
460 1707 497 1745 in
530 1707 701 1756 pluribus
732 1708 935 1757 speciebus
963 1708 1041 1755 jam
1071 1720 1091 1745 a
1123 1710 1296 1745 Turnero
1329 1707 1491 1754 cognita.
1551 1706 1617 1744 Cui

77 1776 181 1814 bono
225 1778 363 1825 essent,
402 1785 480 1811 non
518 1774 590 1812 nisi
637 1774 770 1812 ultimo
818 1776 888 1812 hoc
921 1777 1093 1824 tempore
1133 1774 1309 1812 innotuit.
1369 1776 1617 1821 Montagneus

80 1843 224 1892 primus
260 1843 542 1892 spliaerosporas
585 1842 622 1880 in
660 1843 828 1881 articulis
866 1843 1017 1880 filorum
1056 1842 1284 1879 nemathecii
1315 1844 1513 1879 contentas
1543 1841 1617 1877 ‹le-

78 1910 185 1959 texit3
222 1910 294 1948 nisi
331 1921 408 1950 sec.
448 1910 757 1949 observationem
789 1911 980 1959 quandam
1010 1909 1182 1959 Agardbii
1216 1910 1302 1957 [Sp.
1334 1908 1415 1958 Aly.
1445 1919 1482 1956 p.
1518 1907 1616 1955 3⁴6)

80 1978 311 2016 concludere
354 1978 480 2028 liceat,
525 1978 632 2015 illum
677 1978 830 2016 easdem
876 1989 1032 2027 quoque
1078 1977 1229 2015 vidisse.
1289 1977 1382 2014 Dein
1415 1976 1451 2013 in
1483 1976 1618 2012 eadem

77 2046 205 2095 specie
238 2058 257 2084 a
288 2046 460 2095 pluribus
505 2046 716 2084 observata.
790 2049 873 2095 Ipse
919 2047 956 2083 in
1002 2048 1041 2084 G.
1081 2044 1290 2093 norvegico
1335 2043 1618 2093 spliaerosporas

77 2114 214 2151 eodem
258 2114 376 2152 modo
423 2118 660 2152 constructas
706 2114 852 2164 primus
893 2117 933 2151 ut
964 2113 1163 2151 crederem
1196 2111 1411 2160 observavi,
1443 2113 1618 2158 Montag-

76 2192 173 2218 neus
203 2192 292 2219 vero
325 2181 362 2218 in
394 2183 444 2219 Fl.
475 2181 643 2230 Algieriae
674 2181 828 2219 easdem
861 2192 1015 2230 quoque
1049 2180 1256 2218 illustravit.

188 2251 314 2285 Genus
358 2249 642 2296 Gymnogongri
684 2262 704 2286 a
746 2249 924 2286 Cliondro
965 2251 1003 2284 et
1040 2250 1226 2285 structura
1259 2250 1296 2284 et
1328 2247 1448 2284 fructu
1481 2245 1615 2283 differt.

77 2316 128 2354 Ab
159 2314 342 2353 Alinseltia
373 2316 474 2352 nulla
506 2316 578 2353 nisi
610 2315 786 2353 habituali
819 2319 906 2353 nota
940 2315 1055 2352 hodie
1086 2314 1336 2363 dignoscitur,
1354 2312 1560 2349 substantia
1580 2311 1615 2348 in

78 2382 227 2420 duobus
258 2381 462 2431 generibus
493 2382 651 2420 diversa.
684 2385 760 2421 Nec
779 2383 855 2420 liaec
873 2381 1142 2431 distimissein,
1168 2381 1331 2428 nisijam
1348 2384 1456 2418 antea
1477 2390 1616 2427 genera

77 2450 249 2487 distincta
271 2452 553 2499 proposuerant
571 2453 608 2488 et
624 2450 880 2488 diversitatem
898 2448 1087 2498 quandam
1106 2449 1248 2486 fructus
1266 2447 1451 2496 suspicari
1471 2446 1615 2484 liceret.

111 2615 143 2648 'k
174 2617 332 2658 Fronde
364 2617 637 2658 teretiuscula
669 2621 743 2658 auc
774 2615 1171 2668 compresso-plcma
1205 2617 1384 2666 atiquslc
1415 2613 1579 2663 lineari,

213 2687 491 2736 cystocarpiis
520 2686 611 2737 scre
642 2687 920 2727 circumcirca
944 2684 1282 2736 prominentibus
1314 2683 1484 2724 nodosa.

84 2787 113 2825 l.
145 2790 184 2826 G.
216 2797 346 2826 missus
379 2790 515 2834 [Grec.
548 2800 664 2827 mscr.
697 2791 739 2827 in
769 2789 836 2828 Hb.
869 2790 1009 2835 Hoolt.)
1049 2788 1183 2826 fronde
1223 2786 1443 2836 pulvinatim
1476 2785 1615 2833 caespi-

190 2857 271 2893 tosa
294 2855 437 2895 minuta
464 2857 706 2897 teretiuscula
730 2856 1161 2905 dicliotomo-sastigiata
1178 2855 1391 2903 divaricata,
1409 2852 1615 2901 segmentis
