1907 3004
257 141 314 183 19
323 144 349 181 g
883 118 1174 161 Cin'r‘roxmfflffl.
1535 102 1796 162 Halymenm.

368 270 419 305 las
458 267 495 302 et
533 256 874 303 anastomosantes,
912 251 1069 288 demum
1108 247 1326 294 concretas,
1371 238 1611 287 abeuntibus,
1652 235 1799 273 cellulis

367 328 669 382 superficialibus
717 320 928 361 rotundatis
973 316 1142 354 minutis.
1219 310 1392 350 Favelloe
1438 306 1564 345 frondi
1597 305 1800 351 immersae,

369 403 464 440 infra
517 399 674 435 stratum
726 387 1011 440 periphericum
1069 392 1283 431 suspensae,
1335 373 1592 426 carpostomio
1645 371 1801 408 demum

370 470 553 514 liberatae,
592 458 795 510 gemmidia
835 456 873 492 in
912 454 1092 491 nucleum
1123 448 1335 496 simplicem
1367 444 1571 490 conjunctu
1604 440 1698 476 intra
1730 448 1802 486 pe-

373 537 539 576 riderma
584 529 775 577 hyalinum
820 524 1003 561 foventes.
1078 517 1375 565 Splzoerosporae
1413 512 1530 548 strato
1563 504 1804 557 poripherico

372 609 561 644 immersae
606 595 837 644 rotnndataa,
883 588 1077 628 cruciatim
1123 585 1261 623 divisse.
1345 581 1482 626 (Isdcz.
1529 573 1681 624 Pleycol.
1729 570 1804 609 tab.

375 672 441 722 74,
472 667 570 720 ΙΙΙ).

375 737 546 778 Frondes
592 744 694 772 nunc
740 729 899 768 omnino
947 723 1216 772 cylindraceae,
1261 727 1363 755 nunc
1408 723 1660 761 compressae,
1704 719 1807 746 nunc

267 807 585 858 collapso-planae
632 797 912 845 crassiusculae,
957 794 1133 830 recentes
1178 796 1332 835 semper
1378 782 1809 831 got-atinoso-carnosoe,

270 875 524 916 exsiccatione
565 868 867 907 iumnln-anaoeoe
906 864 970 899 aut
1007 861 1090 909 plns
1122 856 1248 894 minus
1281 851 1555 899 cartilaginem,
1585 848 1814 896 plerumque

272 941 500 993 regulariter
544 929 1006 978 dicliotomo-fastigiatoe,
1051 928 1114 963 aut
1144 920 1390 960 dichotomiis
1418 917 1539 965 magis
1569 914 1816 964 approxima-

271 1015 318 1051 tis
362 1008 620 1058 subpatmatae,
664 1011 767 1040 nunc
811 999 988 1048 pinnatae,
1033 990 1241 1040 segmentis
1286 998 1440 1035 semper
1477 983 1619 1022 ambitu
1652 981 1817 1017 delinitis

274 1085 312 1119 et
343 1077 489 1117 frondis
532 1072 721 1110 divisione
767 1065 973 1114 originaria
1017 1062 1123 1110 ortis,
1168 1069 1240 1095 nec
1285 1053 1561 1093 dilaceratione
1616 1048 1818 1098 separatis,

275 1158 376 1195 saepe
417 1142 621 1194 prolifcrac,
664 1132 1007 1186 proiiticationibus
1039 1129 1236 1175 segmenta
1268 1122 1413 1161 frondis
1444 1121 1598 1157 demum
1631 1116 1819 1154 minutan-

276 1216 389 1253 tibus.
460 1211 588 1248 Partes
629 1203 789 1242 novellae
828 1201 908 1237 fere
947 1197 1146 1244 tubuloszc,
1176 1192 1247 1229 tilis
1279 1187 1527 1227 interioribus
1558 1182 1821 1234 sparsissimis3

278 1285 317 1321 in
361 1275 614 1319 adultioribus
659 1272 717 1310 fila
765 1268 949 1306 interiora
994 1261 1296 1311 multiplicantur
1340 1260 1378 1294 et
1423 1252 1602 1292 densiora
1650 1248 1822 1287 evadunt.

278 1350 354 1388 Fila
401 1343 583 1383 interiora
627 1344 665 1378 et
709 1333 1038 1385 longitudinaliter
1083 1333 1120 1367 et
1165 1324 1464 1365 transversaliter
1510 1320 1740 1366 excurrunt,
1788 1317 1823 1353 in

280 1415 408 1455 media
455 1410 592 1450 fronde
637 1409 726 1444 sunt
764 1402 1002 1450 cytinus-acea
1035 1397 1231 1435 articulata
1264 1396 1301 1430 et
1331 1402 1498 1439 ramosa3
1530 1391 1570 1425 ut
1600 1383 1825 1435 periplierize

284 1480 599 1532 adproximantur
631 1475 668 1512 in
700 1471 855 1510 cellulas
887 1461 1376 1508 rotanuato-multangulas
1407 1457 1584 1496 stellatim
1602 1457 1826 1492 anastomo-

285 1555 411 1591 santes
455 1547 607 1586 abeunt.
682 1544 768 1586 Quae
814 1537 969 1586 quidem
1002 1533 1159 1581 cellulae,
1191 1529 1299 1567 initio
1331 1527 1508 1573 laxiores,
1538 1523 1678 1561 sensim
1710 1520 1829 1567 magis

287 1621 326 1657 in
357 1619 515 1656 stratum
546 1610 771 1649 continuum
803 1606 1005 1653 concretze,
1036 1599 1209 1650 pluribus
1242 1594 1390 1645 (9-3)
1422 1593 1595 1631 seriebus
1626 1589 1830 1638 disposita»,

288 1700 360 1726 una
407 1695 494 1722 cum
539 1678 686 1717 cellulis
732 1671 943 1712 rotundatis
986 1668 1142 1707 minutis
1186 1663 1365 1704 coloratis
1397 1659 1651 1711 periplieriam
1686 1655 1830 1693 frondis

288 1752 536 1793 constituunt.
611 1744 763 1784 Favellae
796 1741 892 1778 infra
936 1736 1195 1787 periplieriam
1238 1732 1308 1770 filis
1339 1726 1594 1767 ambientibus
1626 1735 1831 1773 suspensae,

290 1824 350 1870 (in
380 1821 505 1870 planta
538 1814 723 1853 exsiccata
754 1808 920 1847 mediam
954 1804 1130 1843 frondem
1163 1796 1428 1849 occupantes),
1459 1798 1672 1832 extrorsum
1699 1802 1832 1840 parum

292 1886 531 1939 prominulae,
563 1879 823 1930 carpostomio
856 1873 1061 1913 rotundato
1093 1871 1250 1907 demum
1283 1864 1448 1905 eridenti
1469 1862 1654 1910 11bemtae3
1674 1860 1833 1897 nucleus

293 1953 509 2006 gemmidiis
540 1953 643 1988 arcte
676 1942 926 1992 conglobatis,
959 1939 1215 1989 peridermate
1247 1935 1396 1982 hyalino
1443 1928 1631 1978 cohibitis,
1676 1929 1834 1964 constat.

292 2023 466 2063 l‘lacenta
512 2014 688 2054 centralis
735 2012 878 2049 inclusa
917 2007 1049 2045 adesse
1093 2004 1254 2053 videtur,
1299 2000 1365 2038 sed
1412 2000 1488 2035 lianc
1519 1995 1734 2044 gemmidiis
1765 1993 1836 2030 sti-

295 2090 390 2140 patis
422 2086 619 2126 occultata.
680 2078 890 2118 Gemmidia
923 2075 968 2113 ab
1000 2075 1066 2110 bac
1099 2069 1328 2109 irradiantia.
1388 2067 1561 2105 l‘lacenta
1594 2065 1630 2100 in
1664 2065 1701 2100 [l.
1734 2061 1836 2107 ligu-

297 2160 365 2196 lata
399 2152 632 2192 membranae
664 2145 845 2185 exteriori
878 2143 997 2181 adfixa
1028 2140 1194 2187 videtur3
1234 2138 1270 2174 in
1303 2139 1342 2175 ll.
1375 2133 1541 2171 Floresia
1575 2132 1643 2168 filis
1675 2129 1839 2168 interio-

298 2225 402 2264 ribus
449 2223 576 2259 forsan
622 2217 768 2254 adnata.
849 2212 1128 2260 Splizerosporae
1181 2207 1217 2243 in
1264 2203 1393 2254 paucis
1446 2199 1648 2250 speciebus
1695 2198 1838 2232 tantum

299 2291 525 2336 observatae,
568 2286 604 2322 in
644 2283 699 2321 his
741 2284 829 2319 sunt
868 2277 1077 2317 rotundatae
1120 2278 1157 2311 et
1188 2271 1383 2311 cruciatiin
1415 2268 1555 2318 divisse,
1587 2264 1838 2303 transforma-

300 2360 405 2397 tione
438 2355 661 2393 cellularum
693 2347 928 2387 corticalium
962 2346 1143 2382 formatae.
1344 2341 1346 2343 ’

414 2421 686 2473 Agardbianum
733 2428 852 2466 genus
906 2411 1131 2460 llalymeniae
1186 2407 1422 2446 recentiores
1468 2403 1504 2441 in
1549 2403 1656 2451 plura
1701 2410 1841 2446 genera

302 2492 569 2532 dissolverunt.
629 2491 723 2534 uory
758 2484 939 2532 lridaeam,
971 2482 1172 2525 Montagne
1205 2473 1444 2521 Ginanniam,
1475 2466 1841 2519 lpseKallymeniam

305 2567 342 2599 et
385 2556 711 2606 otu-ysymeniam,
760 2551 916 2597 Kiitzing
960 2547 1128 2595 denique
1174 2540 1446 2581 llalaraclmion
1492 2524 1685 2574 soranam.
1768 2535 1843 2569 lla-

306 2628 541 2675 laraclinion,
574 2628 612 2661 ut
641 2622 679 2658 in
712 2617 933 2667 Phyeologia
978 2615 1050 2652 hoc
1095 2623 1213 2660 genus
1256 2612 1364 2657 (typo
1397 2609 1435 2643 ll.
1469 2603 1642 2651 lig-alata)
1675 2599 1845 2637 definivit

308 2696 476 2743 Ktitzing,
521 2692 592 2729 filis
639 2687 885 2727 interioribus
930 2680 1177 2733 sparsissimis
1223 2676 1440 2721 savellisque
1475 2671 1571 2708 infra
1601 2668 1843 2718 superficiem

308 2762 453 2798 adnatis
485 2771 503 2796 a
536 2757 750 2804 llalymenia
796 2756 904 2801 (typo
952 2753 990 2788 ll.
1035 2747 1223 2794 lloresia),
1255 2743 1361 2789 cujus
1406 2741 1463 2777 fila
1504 2737 1687 2776 interiora
1724 2734 1844 2771 multo

310 2827 488 2864 densiora
534 2828 572 2861 et
616 2824 757 2861 savellae
805 2821 840 2857 in
887 2818 1010 2855 media
1054 2813 1188 2852 fronde
1220 2811 1434 2849 nidulantes
1465 2807 1737 2855 depinguntur,
1769 2801 1845 2838 dif-

312 2898 437 2935 ferret.
506 2895 594 2930 ltem
634 2891 682 2928 ita
713 2902 752 2927 se
785 2888 937 2937 habere,
969 2897 1013 2922 ex
1043 2879 1316 2932 speciminibus
1348 2873 1568 2914 madefactis
1601 2870 1708 2908 facile
1737 2867 1845 2916 judi-
