1907 3004
255 72 281 112 2
292 71 348 112 *⁷20
893 62 1139 104 GicAnTmEAE.
1571 56 1783 118 Polyopes.

347 198 454 230 Frons
493 193 773 236 t—sspollicaris,
812 191 946 225 inferne
984 193 1224 236 teretiuscula,
1262 201 1414 235 pennam
1451 191 1686 225 columbinam
1727 192 1785 224 vix

254 266 384 298 crassa,
422 262 574 295 superne
614 259 830 293 compressa,
870 251 1085 292 marginibus
1123 251 1332 294 rotundatis,
1373 251 1500 283 lineam
1536 251 1677 283 circiter
1703 250 1785 291 lata,

255 314 405 355 linearis,
443 311 499 343 liic
538 311 607 343 illic-
646 310 858 350 constricta,
895 318 958 350 per
997 309 1229 343 dicliotomias
1267 318 1474 342 numerosas
1510 309 1787 349 subregulariter

252 371 438 411 fastigiata,
466 368 626 410 apicibus
656 367 795 400 demum
831 366 1188 410 abrupto-truncatis,
1216 377 1232 400 a
1261 370 1463 401 truncatura
1494 366 1785 409 prolificantibuS,

252 427 568 471 proliticationibus
601 427 749 466 geminis
783 428 843 458 aut
876 434 954 458 raro
988 426 1107 468 ternis,
1135 427 1233 458 initio
1261 426 1457 458 rotundatis
1484 427 1647 468 capsulas
1676 435 1787 459 aemu-

255 486 417 528 lantibus,
455 486 586 517 sensim
624 485 841 525 prolongatis
882 486 918 516 et
955 482 1101 516 sormam
1128 483 1261 516 frondis
1288 483 1591 525 recuperantibus.
1641 482 1787 515 Maculae

255 544 397 586 fertiles,
424 544 458 574 in
485 542 613 584 quibus
640 541 816 575 savellidia
841 542 1085 584 adproximata
1113 542 1332 585 evolvuntur,
1358 544 1392 574 in
1419 542 1527 575 latere
1554 542 1657 583 plano
1692 541 1790 574 t'ron-

255 604 307 635 dis
333 602 560 644 subelevatae,
589 601 804 643 rotundatae3
842 602 1064 642 cystocarpia
1102 609 1207 643 aegre,
1248 601 1313 633 nisi
1341 600 1433 632 lente
1460 600 1638 642 adspecta,
1666 600 1791 633 obser-

254 661 384 704 vanda,
424 669 528 703 supra
568 660 790 702 superficiem
827 668 951 701 parum
990 659 1137 692 elevata.
1197 658 1425 691 Nematbecia
1464 658 1791 700 sphaerosporarum

254 721 410 754 maculas
448 721 609 762 lineares,
649 720 805 759 margine
843 719 953 751 sterili
993 720 1157 761 utrinque
1196 719 1343 761 cinctas,
1383 716 1543 760 apicibus
1575 716 1792 758 rotundatas,

257 778 425 811 efficiunt.
474 777 576 810 Color
601 785 818 819 purpureus,
845 776 1044 810 substantia
1070 777 1169 809 firma
1195 776 1425 809 subcarnosa.

351 835 553 877 Specimina
579 834 686 867 Novae
713 834 906 867 Hollandiae
935 843 951 865 a
980 833 1198 876 Capensibus
1227 834 1443 873 distinguere
1469 841 1619 875 nequeo.
1669 831 1794 865 Nostra

255 893 360 934 paulo
395 894 529 926 minora
564 895 645 926 sunt
678 895 713 925 et
748 893 865 926 colore
899 893 1061 926 dilutiore
1094 892 1255 934 praedita.
1305 891 1520 925 Turneriana
1548 899 1628 923 vero
1656 891 1794 931 magni-

256 951 378 984 tudine
404 951 576 993 Capensia
603 953 756 992 aequant.

352 1008 552 1051 Specimina
591 1009 754 1041 nonnulla
795 1009 936 1052 plantae,
975 1008 1056 1041 huic
1094 1010 1277 1051 proximae,
1317 1017 1360 1041 ex
1397 1009 1467 1040 oris
1502 1007 1617 1040 Terrae
1645 1005 1750 1038 Novae
1776 1013 1795 1037 a

257 1066 469 1109 Delapylaie,
495 1067 636 1098 nomine
664 1066 747 1107 Spb.
774 1067 953 1106 norvegici
981 1067 1116 1108 accepi.
1178 1066 1264 1098 Sunt
1291 1068 1424 1098 tantum
1451 1066 1634 1107 pollicaria
1660 1064 1795 1104 magis-

258 1134 325 1166 que
348 1124 567 1166 complanata
603 1133 706 1166 quam
746 1124 781 1155 P.
819 1126 1045 1158 constrictus.
1108 1123 1252 1165 Species
1291 1123 1409 1156 forsan
1446 1125 1500 1156 sui
1534 1124 1635 1165 juris,
1662 1122 1725 1154 sed
1753 1131 1796 1155 ex

258 1182 512 1225 speciminibus
538 1184 681 1226 nostris,
709 1182 889 1215 evidenter
910 1182 1136 1225 juvenilibus,
1164 1182 1389 1214 characteres
1416 1190 1538 1214 eruere
1566 1182 1623 1213 vix
1648 1182 1743 1213 licet.

353 1239 488 1272 Sonder
514 1239 605 1284 [Δίῃ.
632 1240 762 1273 Preiss.
784 1250 819 1283 p.
848 1240 910 1282 44)
937 1240 1068 1273 Fucum
1096 1241 1328 1273 constrictum
1355 1240 1497 1272 Turneri
1527 1241 1564 1272 ut
1592 1240 1796 1272 varietatem

259 1309 332 1333 suae
359 1299 468 1332 Rhod.
495 1299 658 1332 australis
685 1301 911 1341 nuncupavit.
963 1297 1140 1340 Quidquid
1168 1299 1214 1330 sit
1240 1298 1300 1330 Rb.
1328 1299 1503 1341 australis,
1527 1297 1797 1338 adescriptione

260 1361 376 1391 tamen
414 1356 552 1390 abunde
590 1359 688 1400 patet
725 1365 804 1391 esse
843 1358 965 1399 specie
1004 1359 1039 1390 et
1076 1365 1205 1398 genere
1245 1366 1262 1389 a
1300 1356 1394 1390 Fuoo
1433 1356 1626 1390 constricto
1652 1354 1796 1387 Turneri

260 1415 550 1449 diversissimam.

259 1576 563 1633 XXXVII.
602 1575 910 1629 RlssoeLLA
948 1594 982 1633 J.
1023 1595 1089 1643 219.
1129 1595 1211 1634 Aac.
1252 1594 1374 1633 Holm.
1418 1586 1575 1644 osvers.
1623 1592 1723 1632 ⁴849
1760 1604 1798 1642 p.

372 1664 436 1702 85.
496 1663 748 1712 Grateloupioe
780 1675 833 1712 sp.
867 1662 1042 1701 Greville
1074 1667 1113 1700 ec
1144 1664 1255 1701 Aucc.
1287 1664 1581 1712 Spliaerococcus
1612 1673 1666 1710 sp.
1697 1662 1763 1709 Ay.

263 1744 380 1780 Frons
411 1741 896 1790 gelatinoso-cartilaginea
929 1741 1036 1789 plana
1068 1742 1192 1779 stratis
1223 1740 1373 1778 duobus
1391 1743 1585 1790 contexta3
1616 1740 1799 1777 interiore

373 1808 519 1846 cellulis
564 1808 813 1855 cylindraceis
857 1808 894 1844 in
941 1808 1144 1845 reticulum
1189 1809 1314 1844 laxum
1360 1808 1530 1856 undique
1575 1810 1800 1845 anastomo-

373 1875 555 1925 santibus,
593 1875 784 1912 exteriore
823 1874 893 1911 tilis
933 1874 1173 1912 verticalibus
1203 1874 1528 1912 monilisormibus
1558 1884 1671 1911 muco
1703 1874 1800 1911 soli-

374 1941 556 1978 descente
600 1942 788 1991 cohibitis,
834 1942 1053 1979 constituto.
1130 1940 1355 1979 Favellidia
1399 1941 1497 1979 intra
1540 1941 1800 1990 pericarpiuul

375 2012 574 2046 externum
611 2008 920 2059 subsplizericum,
952 2009 1210 2057 carpostomio
1249 2009 1404 2046 demum
1442 2011 1652 2058 pertusum,
1684 2007 1800 2045 nidu-

377 2076 502 2126 lantia,
534 2076 719 2113 nucleolis
751 2076 923 2124 pluribus
954 2076 1248 2126 confluentibus,
1267 2076 1438 2125 placenta
1457 2074 1802 2125 centralisuffultis,

376 2143 600 2193 composita,
632 2144 848 2190 genimidiis
882 2143 1312 2191 rotundam-angulatis.
1359 2143 1657 2191 Splzoerosporoe
1685 2145 1802 2180 strato

376 2210 602 2258 superficiali
634 2210 831 2261 demersae„
863 2222 1012 2262 sparsoe,
1044 2210 1209 2263 zonatiin
1239 2210 1379 2247 divisae.

378 2287 545 2325 Frondes
576 2288 756 2335 gregat-iau
788 2289 905 2337 planfe
937 2291 1120 2340 cuneatae,
1151 2287 1251 2326 varie
1282 2287 1407 2325 divisae
1435 2287 1683 2336 margineque
1700 2286 1801 2323 den-

266 2355 446 2405 ticnlatae,
500 2359 672 2393 recentes
724 2356 1154 2403 gelatinoso-cariiosae,
1209 2354 1404 2391 exsiccatae
1458 2353 1803 2401 subcartilagineoe,

266 2421 738 2461 violaceo-susceseentcs.
811 2423 995 2461 Denticuli
1036 2423 1266 2470 marginales
1309 2422 1416 2459 initio
1447 2421 1690 2460 minutissimi
1721 2419 1803 2468 spi-

267 2489 505 2541 nulisorines,
536 2490 625 2528 dein
657 2490 759 2528 bifidi
791 2494 828 2528 et
857 2491 998 2529 sensim
1030 2491 1209 2541 majores,
1239 2490 1394 2527 demum
1420 2489 1457 2527 in
1484 2488 1638 2526 lacinias
1656 2485 1802 2523 frondis

269 2566 490 2594 excrescere
523 2558 709 2596 videntur.
1627 2562 1629 2564 ’

379 2628 540 2663 Stratum
580 2626 775 2663 internum
814 2625 960 2663 frondis
998 2625 1143 2664 cellulis
1181 2623 1336 2662 minutis
1373 2621 1705 2671 subcylindraceis,
1735 2631 1804 2669 per

270 2700 395 2726 runios
442 2695 768 2730 anastomosantes
814 2704 898 2729 eum
944 2692 1126 2741 proximis
1172 2689 1397 2738 conjunctis,
1439 2688 1638 2726 reticulum
1678 2688 1802 2725 laxum

271 2756 318 2792 ita
361 2757 621 2809 toi-inmitibus,
664 2763 822 2798 constat.
880 2762 1084 2797 Externum
1118 2761 1274 2796 stratum
1307 2756 1375 2794 tilis
1405 2754 1634 2794 verticaliter
1662 2753 1708 2791 ab
1738 2754 1802 2790 in-

271 2822 412 2860 teriore
445 2826 668 2864 exeuntibus
700 2825 1147 2875 dicliotonio-sastigiatis
1186 2823 1523 2874 monilisorniibus,
1564 2832 1675 2860 muco
1708 2820 1804 2859 soli-
