1907 3004
264 109 278 147 1
293 107 319 143 8
919 92 1128 132 (lanitium.
1464 80 1796 126 Callithamm'on.

261 240 315 270 aul
345 238 376 277 3,
404 234 455 265 xel
484 234 514 262 iu
544 228 664 260 ramuli
694 226 818 258 surculi
854 223 1010 256 articulis
1037 219 1280 262 superioribus
1306 218 1426 259 plures
1452 216 1542 247 5⁴.ss
1569 214 1798 257 corymboso-

262 294 471 336 aggregata&
499 286 728 329 ellipsoideoe,
754 285 841 316 satis
867 290 1017 322 magnfe.
1066 279 1211 311 Articuli
1239 278 1410 310 diametro
1437 276 1587 316 02—3plo
1615 274 1668 306 vel
1694 275 1798 305 immo

265 354 344 395 liplo
373 350 559 389 longiores.

356 405 540 438 Varietatis
580 403 623 435 ad
662 403 784 443 instar,
823 399 969 440 Byssum
996 404 1207 438 purpuream
1237 389 1339 436 Liqlf.
1365 390 1456 423 Scot.
1480 400 1514 433 p.
1543 391 1641 432 4000,
1674 387 1801 435 (Dillw.

263 468 331 502 [ab.
372 466 425 509 71-3,
465 463 562 507 Enql.
602 459 680 493 Boc.
709 458 778 491 lab.
807 459 883 499 492,
918 455 1026 488 Harv.
1054 462 1150 486 man.
1172 462 1208 495 p.
1236 453 1320 492 446)
1348 450 1456 482 Call:o
1482 447 1594 480 Rotbii
1623 446 1804 488 subjungit

264 527 416 566 llarvey,
454 521 547 564 quod
589 527 741 561 quonam
774 516 854 558 jure
888 514 1019 546 sactum
1057 514 1112 554 sit,
1139 512 1172 543 in
1200 510 1315 542 medio
1344 509 1550 549 relinquam.
1577 507 1657 539 Mihi
1685 507 1804 548 plures

265 585 330 618 sub
356 583 423 615 hoc
450 580 590 613 nomine
616 579 743 610 missas
770 575 866 615 algas
894 582 938 606 ex
964 571 1089 603 lnsulis
1116 569 1303 610 Orcadum,
1330 567 1508 609 Slietland,
1528 565 1620 598 lonae
1643 563 1711 606 (ad'.
1728 573 1806 596 mu-

268 653 324 676 ros
351 640 471 682 templi
498 639 533 671 in
557 638 692 670 ruinam
720 634 808 676 lapsi
837 632 1103 666 obvenientem)
1133 626 1347 668 observanti,
1374 626 1514 667 plexum
1541 625 1688 666 filorum,
1706 603 1807 664 ¹quo-

267 710 343 735 rum
376 699 596 741 superiorem
625 694 762 736 partem
800 691 976 723 detersam
1008 687 1127 730 credo,
1161 685 1378 718 constituere
1404 683 1577 715 videntur.
1626 680 1745 712 Plures
1771 677 1805 710 C.

267 759 380 792 Rotliii
414 756 579 796 aii-alogas
612 753 753 795 species
785 750 934 782 similem
961 747 1107 790 plexum
1133 746 1271 785 sistere,
1299 744 1334 774 et
1359 741 1583 781 originariam
1607 739 1644 770 B.
1673 745 1810 779 purpu-

268 826 363 850 ream
390 816 519 857 plantae
545 811 677 845 boreali
705 810 894 852 pertinere,
922 806 1022 847 cujus
1049 805 1182 836 tantum
1210 801 1341 834 sterilia
1368 799 1563 840 specimina
1588 796 1670 838 vidi,
1690 794 1808 827 colore

270 876 413 908 dilutius
439 881 555 915 roseo,
590 870 695 902 ramis
732 864 989 910 patentioribus
1029 864 1064 894 et
1089 861 1245 894 articulis
1272 857 1515 899 superioribus
1542 853 1759 895 longioribus
1791 862 1807 885 a

270 935 305 967 C.
332 933 444 966 Rotliii
473 932 634 970 diversae,
661 928 835 968 suspicor.
887 923 980 955 Inter
1005 921 1202 963 Syuonyma
1229 918 1332 950 allata
1359 916 1395 948 C.
1421 915 1547 956 Rothii,
1573 911 1740 945 nonnulla
1765 910 1807 942 ad

271 993 360 1024 hanc
387 990 533 1023 sormam
560 987 678 1020 forsan
705 983 904 1017 revocanda
929 981 1022 1014 sunt.
1070 979 1167 1011 Anne
1194 976 1269 1009 baec
1295 976 1341 1007 sit
1365 973 1401 1006 C.
1428 981 1552 1015 sparso
1580 971 1682 1004 Harv.
1708 969 1810 1002 iden-

272 1050 514 1094 tica,·dubito.

367 1111 405 1140 Α.
431 1107 471 1140 D.
496 1105 595 1138 Mohr
632 1106 666 1137 in
700 1101 860 1136 cavernis
886 1099 1025 1141 rupium
1052 1096 1095 1128 ad
1121 1096 1220 1127 littus
1247 1091 1422 1124 Hiberniae
1447 1089 1576 1121 lectam
1603 1087 1722 1127 Algam
1748 1093 1811 1118 co-

275 1177 347 1201 ram
375 1167 487 1200 oculis
511 1165 637 1206 habeo,
665 1163 783 1195 colore
808 1157 1043 1201 pulcherrime
1069 1154 1239 1186 coccineo
1267 1151 1452 1189 insignem.
1500 1146 1570 1177 Fila
1597 1144 1704 1176 babet
1729 1143 1813 1175 stri-

275 1230 342 1268 cta,
369 1232 521 1265 superne
548 1219 1000 1256 subfasciculato-ramosa,
1034 1214 1140 1244 ramis
1174 1208 1345 1248 elongatis
1372 1206 1473 1247 apice
1501 1202 1814 1235 obovato-incras—

276 1285 373 1326 satis,
401 1283 572 1323 (denique
598 1279 883 1322 sphaerosporam
911 1274 1111 1306 immersam
1139 1264 1400 1310 gerentibus?).
1450 1263 1631 1295 Diversam
1658 1259 1813 1301 spec-iem

277 1344 451 1385 suspicor.
1748 1348 1755 1358 ,

306 1404 341 1440 9.
373 1405 409 1439 C.
442 1405 667 1438 CAESP1TOSUM
700 1394 753 1439 [J.
785 1394 850 1440 Ay.
884 1390 1023 1435 mser.)
1064 1387 1272 1435 caespitosa,
1315 1383 1383 1421 silis
1429 1379 1659 1418 tenuissimis
1703 1387 1816 1426 parce

390 1461 822 1512 dicbotomo-pinnatis,
865 1457 978 1495 ramis
1024 1451 1387 1500 erecto-adpressis,
1427 1448 1580 1486 ramulis
1614 1444 1818 1483 fructiferis

390 1532 616 1572 abbreviatis
648 1531 729 1567 sere
760 1542 779 1565 a
813 1526 888 1563 basi
921 1525 965 1562 ad
998 1523 1146 1571 apicem
1178 1518 1362 1568 pinnatim
1395 1513 1681 1563 egredientibus
1719 1511 1818 1557 vagis

392 1599 621 1650 patentibus,
665 1593 940 1645 spheerosporis
979 1589 1181 1638 superiore
1222 1587 1455 1624 rainuloriun
1489 1584 1605 1620 latere
1636 1578 1821 1629 pluribus,

393 1667 541 1705 seriatis
572 1667 636 1702 aut
665 1660 991 1707 sub-corymbose
1022 1655 1244 1704 aggregatis.

394 1747 483 1785 llab.
513 1744 558 1782 ad
593 1753 705 1792 rupes
735 1740 851 1778 maris
882 1736 1046 1775 atlantici
1078 1746 1199 1784 prope
1231 1734 1335 1770 Brest
1365 1727 1584 1776 (Crouanl).

379 1824 550 1865 Caespites
588 1821 697 1853 officit
733 1817 1022 1859 semipollicares,
1061 1820 1270 1855 purpureos,
1309 1809 1451 1841 densos.
1500 1805 1571 1836 Fila
1599 1811 1617 1835 a
1644 1800 1822 1834 radicibus

285 1881 614 1915 fibroso-intricatis
642 1876 888 1917 erectiuscula,
916 1874 1040 1906 stricta
1065 1874 1100 1903 et
1126 1870 1296 1902 distanter
1322 1865 1523 1898 dicliotoma
1549 1864 1608 1895 aut
1632 1861 1750 1902 potius
1765 1866 1824 1889 ra—

288 1941 353 1972 mis
389 1937 633 1971 consimilibus
668 1936 724 1968 liic
750 1935 820 1967 illic
846 1933 1001 1974 pinnata.
1050 1929 1147 1961 Rami
1176 1926 1284 1959 erecti
1312 1926 1371 1957 aut
1396 1923 1640 1964 subpatenteS.
1689 1915 1823 1948 Ramuli

289 2008 353 2041 per
380 1999 487 2030 totam
514 1996 651 2028 filorum
676 1992 930 2033 longitudinem
958 1989 1141 2028 exeuntes,
1157 1984 1362 2025 abbreviati,
1382 1978 1628 2024 patentissimi,
1645 1975 1824 2016 simplices

292 2060 351 2090 aut
386 2056 528 2089 ramulis
560 2052 782 2087 brevioribus
817 2049 999 2091 superiore
1031 2046 1140 2078 latere
1168 2043 1273 2076 obsiti
1300 2043 1335 2073 et
1361 2039 1628 2081 sphaerosporas
1655 2035 1715 2067 aut
1739 2033 1826 2064 sim-

291 2117 372 2158 plici
413 2114 587 2157 pedicello
625 2111 750 2144 affixas
789 2110 848 2141 aut
884 2108 918 2139 in
952 2106 1063 2138 diviso
1091 2103 1299 2143 aggregatas
1326 2099 1501 2139 gerentes.
1552 2094 1827 2136 Sphae-rosporas

293 2175 474 2215 oblongas,
501 2173 682 2206 evidentes
709 2168 771 2201 sed
792 2166 962 2199 indivisas
977 2163 1058 2196 vidi.
1084 2160 1229 2194 Articuli
1244 2159 1413 2191 diametro
1429 2152 1623 2197 quadruplo
1638 2151 1828 2190 longiores.

388 2232 534 2273 Species
561 2229 642 2261 milii
669 2227 806 2259 videtur
832 2223 867 2256 C.
894 2222 1007 2255 Rotliii
1033 2220 1204 2262 proxima,
1220 2218 1254 2248 at
1269 2212 1532 2248 characteribus
1549 2209 1661 2242 allatis
1677 2208 1827 2241 diversa.

294 2295 332 2326 A.
359 2292 394 2324 C.
421 2289 579 2324 lloridnlo
607 2286 744 2327 longius
772 2282 917 2316 recedit.

329 2478 369 2508 aa
411 2473 446 2505 C.
474 2474 723 2503 CONSTRlC'rUM
752 2462 905 2505 (llerinq
931 2461 967 2494 in
993 2458 1102 2493 Flora
1131 2457 1216 2490 4846
1239 2466 1274 2499 p.
1301 2455 1367 2487 0242
1393 2452 1480 2485 ”iilis
1507 2448 1745 2492 capillaribus,
1771 2453 1830 2477 ar-

415 2530 531 2564 ticulis
570 2532 722 2568 superne
762 2521 975 2562 constrictis,
1013 2519 1181 2551 diametro
1209 2512 1403 2557 quadruplo
1430 2506 1664 2549 longioribus,
1689 2503 1832 2536 ramulis

416 2586 571 2627 alternis,
598 2582 754 2616 articulis
781 2578 989 2621 aequalibus,
1016 2577 1186 2609 diametro
1214 2573 1319 2614 duplo
1346 2567 1579 2610 longioribus,
1606 2563 1752 2597 summis
1767 2561 1833 2593 ab-

419 2644 598 2685 breviatis,
625 2640 782 2673 articulis
809 2638 980 2670 diametro
1007 2633 1214 2677 aequalibiis.
1238 2637 1243 2642 ·

419 2715 504 2748 llab.
531 2713 573 2745 ad
599 2708 823 2743 Natal-Poiut
847 2707 881 2739 in
908 2706 1023 2738 littore
1048 2702 1174 2736 Africa}
1201 2698 1375 2740 ausu-aiis,
1397 2692 1580 2728 Corallinis
1606 2688 1774 2723 insidens.

422 2783 601 2822 Pollicare,
626 2786 853 2822 purpureum,
880 2776 1011 2809 c-liartoe
1039 2774 1134 2806 arcte
1160 2763 1378 2804 adliferens.”

1330 2836 1449 2867 neser.
1478 2833 1569 2865 auct.
1597 2826 1835 2867 transscripsi.
