1907 3004
54 73 261 120 Prionitis.
675 77 961 121 Cui-promas.
1494 82 1550 123 18
1559 82 1583 123 9

120 205 188 237 *³2⁴
216 207 525 257 Splioerospore's
548 207 693 259 plegslla
723 210 978 260 παίω-9111111111
1007 210 1174 261 majora
1205 210 1518 262 occupantibus.

56 310 89 348 4.
120 312 397 348 PR.PECT1NATA
430 310 483 355 (J.
515 311 580 358 Ay.
619 315 756 357 mser.)
803 312 938 350 fronde
982 324 1201 362 compressa
1245 314 1379 352 lineari
1422 315 1586 353 decom-

161 378 534 427 posito-dicbotoma
579 380 831 427 subsastigiata
877 381 1085 430 pliyllisque
1125 382 1396 429 marginalibus
1427 387 1584 430 anguste

162 446 367 484 linearibus
398 447 576 496 utrinque
607 449 807 486 attenuatis
839 450 1004 500 pinnata,
1033 450 1304 499 spliaerosporis
1336 451 1454 499 phyma
1479 462 1584 488 niar-

161 512 296 560 ginalia
329 514 613 562 occupantibus.

161 591 248 629 Ilab.
280 591 324 629 ad
357 593 500 630 Insulas
534 593 693 631 Cbinclia
726 604 847 642 prope
880 594 980 630 littus
1012 594 1176 632 Peruviae
1209 594 1437 641 (Oerstedl).

140 666 260 700 Planta
298 667 369 700 sere
403 669 551 711 pedalis,
580 669 756 702 distantiis
782 668 1050 710 bipollicaribus
1077 677 1183 710 parce
1210 670 1420 714 dicliotoma,
1447 673 1584 713 irregu-

48 724 155 758 larius
181 725 368 770 fastigiata,
402 729 594 767 segmentis
631 729 755 760 exacte
781 726 1065 759 linearibust-2
1092 727 1201 759 lineas
1229 728 1320 770 latis,
1348 729 1438 762 infra
1464 730 1583 763 surca-

48 784 162 816 tiones
198 785 366 826 paulatim
404 785 568 827 dilatatis,
612 783 854 816 terminalibus
893 784 1025 816 sensim
1052 785 1253 817 attenuatis.
1302 785 1465 819 Verrucae
1491 788 1581 819 irre-

48 841 186 880 gulares
212 841 268 874 1110
294 842 364 874 illic
391 842 516 875 obviae.
566 841 682 883 Phylla
708 841 980 882 semipollicaria
1010 841 1063 872 vel
1088 850 1200 882 usque
1225 843 1418 886 pollicaria,
1434 848 1581 885 anguste

45 899 202 942 linearia,
233 901 423 939 segmentis
450 900 552 941 triplo
580 900 795 942 angustiora,
821 900 985 940 utrinque
1010 901 1202 942 attenuata,
1228 900 1377 941 plurima
1393 902 1580 944 simplicia,

47 956 112 988 alia
137 955 282 1000 furcata,
304 956 473 998 juvenilia
500 957 832 1000 glandulae-sormia,
859 965 879 989 a
905 957 1062 997 margine
1087 958 1292 999 pectinatim
1319 962 1460 1002 exeunt,
1486 969 1580 993 nunc

45 1016 219 1059 opposita,
259 1024 353 1047 nunc
391 1015 594 1058 secundata,
634 1016 668 1048 in
701 1017 884 1057 superiore
910 1017 1009 1056 parte
1035 1017 1215 1057 praecipua
1243 1016 1363 1049 densa.
1412 1016 1580 1058 Sphaero-

44 1081 159 1114 sporae
185 1074 220 1106 in
246 1073 299 1107 his
325 1075 417 1107 inter
446 1074 503 1106 fila
534 1074 756 1117 peripherica
788 1074 987 1108 nidulantes
1015 1075 1364 1116 elongato-oblongas
1396 1076 1578 1110 cruciatim

44 1130 177 1165 divisae.
227 1131 431 1165 Substantia
457 1141 597 1165 cornea.
645 1133 747 1165 Color
773 1133 822 1175 (in
849 1133 997 1173 nostris)
1028 1134 1299 1167 atrovirescenS.

137 1190 281 1232 Species
306 1190 462 1233 pulchra,
490 1200 508 1223 a
534 1190 766 1232 sequentibus
793 1193 868 1224 sine
907 1191 1012 1224 dubio
1039 1191 1190 1224 diversa.
1238 1192 1378 1233 AEgrius
1405 1194 1579 1236 dijudica-

45 1250 111 1292 tur,
138 1258 181 1281 an
207 1258 224 1281 a
252 1249 430 1291 prioribus
456 1250 594 1291 species
622 1249 789 1282 distincta
816 1250 873 1281 sit.
921 1248 974 1282 Pr.
1003 1249 1167 1282 australis
1193 1250 1520 1292 sphaerosporarum
1544 1255 1579 1286 in

44 1307 216 1347 glandulis
242 1309 323 1349 situ,
352 1307 606 1339 ramilicatione
633 1306 831 1339 evidentius
860 1306 1034 1347 fastigiata
1062 1309 1096 1339 et
1122 1310 1312 1348 segmentis
1335 1310 1577 1343 terminalibus

44 1364 197 1397 dilatatis
224 1364 459 1406 dignoscitur,
487 1365 668 1405 glandulas
695 1364 787 1397 illius
813 1365 847 1397 in
873 1364 988 1406 phylla
1024 1374 1231 1397 excrescere
1260 1367 1431 1408 suspicari
1461 1367 1578 1400 forsan

42 1421 184 1465 liceret,
222 1423 285 1455 sed
320 1422 433 1465 pbylla
464 1422 632 1464 juvenilia
658 1423 956 1463 glandulaeformia
982 1424 1017 1456 in
1044 1423 1095 1456 Pr.
1121 1426 1299 1465 pectinata
1326 1427 1408 1458 sunt
1434 1427 1485 1465 (in
1511 1435 1578 1458 no-

43 1483 142 1523 stris)
182 1482 326 1525 sterilia,
365 1483 400 1514 et
425 1482 527 1514 aliam
552 1481 683 1514 habeut
710 1483 933 1515 structuram.
985 1481 1139 1515 Stratum
1165 1483 1313 1515 interius
1342 1484 1376 1515 in
1404 1483 1577 1523 glandulis

41 1537 94 1572 Pr.
135 1539 298 1572 australis
336 1540 483 1572 reticulo
521 1540 702 1573 laxissimo
741 1542 901 1583 constat,
931 1541 965 1572 in
992 1540 1046 1572 Pr.
1072 1542 1252 1582 pectinata
1278 1543 1360 1574 sunt
1385 1542 1440 1574 sila
1468 1543 1575 1575 multo

41 1597 153 1637 magis
179 1598 318 1638 stipata.
369 1596 540 1630 Gelidium
567 1597 748 1640 decipiens
774 1598 881 1631 Mont.
908 1600 1024 1631 utrum
1051 1607 1131 1631 cum
1157 1607 1227 1631 una
1252 1598 1305 1630 vel
1333 1599 1442 1631 altera
1456 1600 1576 1641 specie

42 1655 237 1698 conveniat,
276 1663 320 1687 an
358 1654 401 1687 ab
434 1657 581 1697 utraque
608 1655 814 1688 distinctum
839 1657 895 1699 sit,
922 1656 1004 1688 mibi
1031 1664 1100 1688 non
1126 1656 1210 1689 licet
1238 1656 1441 1700 dijudicare,
1468 1666 1576 1698 quum

41 1721 107 1746 nec
143 1713 298 1755 plantam
336 1713 495 1756 viderim,
534 1722 600 1746 nec
627 1714 669 1747 de
695 1715 1023 1757 sphaerosporarum
1051 1716 1119 1748 situ
1148 1714 1280 1757 aliquid
1304 1715 1577 1747 memoraverint

43 1772 213 1804 auctores.

42 1873 76 1912 5.
106 1877 164 1915 PR.
196 1884 366 1914 LIGULATA
397 1872 540 1927 (Grev.
573 1879 711 1924 mser.)
752 1877 890 1915 fronde
931 1888 1151 1927 compressa
1191 1878 1325 1916 lineari
1364 1877 1574 1916 subdicbo—

151 1947 252 1982 toma
290 1947 327 1982 et
359 1956 378 1982 a
411 1944 583 1992 margine
625 1945 792 1997 pinnata,
828 1946 955 1995 pinnis
994 1946 1178 1995 elongatis
1209 1945 1416 1983 linearibus
1449 1945 1575 1983 utrin-

40 2144 92 2179 53.
120 2144 326 2179 Geticum?
350 2151 619 2180 LAxchLATuiu
645 2143 776 2186 (Harv.
804 2154 858 2189 ap.
885 2142 1042 2188 Bocchey
1063 2154 1099 2188 p.
1127 2143 1210 2187 4611)
1239 2144 1362 2179 fronde
1376 2147 1479 2188 plana
1495 2156 1575 2180 car-

132 2205 296 2245 tilaginea
334 2202 527 2245 bipinnata,
565 2204 681 2244 pinnis
714 2203 886 2244 elongatis
913 2203 990 2236 basi
1017 2205 1221 2247 attenuatis,
1246 2205 1401 2245 pinnulis
1428 2204 1575 2237 lanceo—

133 2262 212 2293 latis
239 2260 458 2303 simplicibus
485 2261 743 2303 suboppositis.

132 2319 218 2351 Hal).
245 2319 287 2351 ad
313 2318 549 2351 Calisorniam.

131 2377 240 2410 Frons
273 2376 542 2418 6—8pollicaris
576 2377 729 2420 pinnata,
753 2379 871 2419 pinnis
901 2379 1014 2419 longis
1041 2380 1273 2424 simplicibus,
1299 2382 1373 2414 basi
1402 2383 1572 2425 apiceque

38 2434 138 2468 valde
177 2436 377 2476 attenuatis,
415 2434 530 2466 medio
572 2435 658 2467 1-2
692 2435 801 2468 1111033
839 2435 936 2479 latis,
974 2436 1129 2478 pinnulis
1168 2437 1326 2470 soliaceis
1365 2439 1572 2471 lanceolatis

39 2493 171 2534 saepius
197 2493 369 2534 oppositis
395 2493 597 2524 2—Glineas
624 2493 750 2533 longis.
812 2493 928 2526 Pinnae
955 2494 1180 2537 pinnulaeque
1205 2496 1396 2540 simplices,
1427 2497 1571 2530 sormam

38 2549 269 2583 lanceolatam
296 2550 425 2592 ubique
451 2553 713 2583 conservantes.
764 2551 810 2583 lta
836 2553 977 2584 Auctor.
1026 2551 1128 2585 Ii'z'c‘lz.
1155 2562 1206 2596 sp.
1228 2563 1264 2596 p.
1293 2553 1369 2586 766.

130 2607 214 2640 Cum
253 2607 306 2639 Pr.
344 2608 486 2648 ligulata
526 2608 642 2650 quoad
679 2608 953 2649 descriptionem
980 2610 1027 2642 ita
1053 2612 1228 2653 convenit,
1257 2615 1293 2645 ut
1319 2613 1361 2645 de
1387 2613 1570 2646 identitate

38 2666 221 2708 utriusque
253 2666 383 2707 plantae
417 2668 474 2698 vix
500 2666 715 2708 dubitarem,
743 2669 896 2700 attamen
924 2668 1184 2702 observandum
1211 2670 1305 2712 quod
1330 2671 1456 2712 pinnas
1483 2679 1571 2703 con-

40 2724 173 2755 stanter
197 2724 413 2757 lanceolatas
440 2724 631 2766 descripsit
656 2724 807 2767 ilarii-y,
833 2726 867 2758 in
894 2725 946 2760 Pr.
974 2727 1117 2767 ligulata
1144 2730 1226 2760 sunt
1250 2729 1367 2769 pinnae
1404 2729 1569 2770 lineares,

38 2781 191 2822 pinnulae
230 2791 311 2815 vero
350 2782 568 2815 lanceolalae.
631 2783 816 2827 (laterum,
855 2793 960 2826 quum
998 2784 1040 2817 de
1078 2788 1254 2819 structura
1283 2787 1318 2818 et
1343 2785 1459 2818 fructu
1484 2785 1569 2818 1111111

39 2839 216 2872 memoriae
241 2840 407 2885 prodidit,
435 2842 619 2883 utramque
644 2841 801 2883 plantam
829 2844 979 2876 seorsim
1004 2852 1204 2886 proponere
1231 2843 1347 2878 debui.
