<?xml version="1.0" encoding="UTF-8"?>
<!DOCTYPE html PUBLIC "-//W3C//DTD XHTML 1.0 Transitional//EN"
    "http://www.w3.org/TR/xhtml1/DTD/xhtml1-transitional.dtd">
<html xmlns="http://www.w3.org/1999/xhtml" xml:lang="en" lang="en">
 <head>
  <title>
</title>
<meta http-equiv="Content-Type" content="text/html;charset=utf-8" />
  <meta name='ocr-system' content='tesseract 3.04.00' />
  <meta name='ocr-capabilities' content='ocr_page ocr_carea ocr_par ocr_line ocrx_word'/>
</head>
<body>
  <div class='ocr_page' id='page_1' title='image "./speciesgeneraeto0201agar_0212.png"; bbox 0 0 1907 3004; ppageno 0'>
   <div class='ocr_carea' id='block_1_1' title="bbox 285 95 1818 147">
    <p class='ocr_par' dir='ltr' id='par_1_1' title="bbox 285 95 1818 147">
     <span class='ocr_line' id='line_1_1' title="bbox 285 95 1818 147; baseline 0 -9"><span class='ocrx_word' id='word_1_1' title='bbox 285 104 305 145; x_wconf 89' lang='lat'>1</span> <span class='ocrx_word' id='word_1_2' title='bbox 318 107 342 146; x_wconf 73' lang='lat' dir='ltr'>s</span> <span class='ocrx_word' id='word_1_3' title='bbox 351 106 376 147; x_wconf 86' lang='lat'>6</span> <span class='ocrx_word' id='word_1_4' title='bbox 908 96 1196 139; x_wconf 60' lang='lat' dir='ltr'>Carpfoxmfflffi.</span> <span class='ocrx_word' id='word_1_5' title='bbox 1610 95 1818 140; x_wconf 77' lang='lat' dir='ltr'>Priom&#39;IiS.</span> 
     </span>
    </p>
   </div>
   <div class='ocr_carea' id='block_1_2' title="bbox 281 227 1825 2913">
    <p class='ocr_par' dir='ltr' id='par_1_2' title="bbox 281 227 1822 958">
     <span class='ocr_line' id='line_1_2' title="bbox 392 227 1815 273; baseline -0.001 -1"><span class='ocrx_word' id='word_1_6' title='bbox 392 234 519 273; x_wconf 75' lang='lat' dir='ltr'>Stratis</span> <span class='ocrx_word' id='word_1_7' title='bbox 566 232 645 269; x_wconf 83' lang='lat' dir='ltr'>fero</span> <span class='ocrx_word' id='word_1_8' title='bbox 689 229 809 267; x_wconf 89' lang='lat' dir='ltr'>tribus</span> <span class='ocrx_word' id='word_1_9' title='bbox 852 227 1012 266; x_wconf 84' lang='lat' dir='ltr'>diversis</span> <span class='ocrx_word' id='word_1_10' title='bbox 1058 230 1241 266; x_wconf 79' lang='lat' dir='ltr'>contextae</span> <span class='ocrx_word' id='word_1_11' title='bbox 1286 232 1373 267; x_wconf 88' lang='lat' dir='ltr'>sunt</span> <span class='ocrx_word' id='word_1_12' title='bbox 1419 229 1587 268; x_wconf 84' lang='lat' dir='ltr'>frondes.</span> <span class='ocrx_word' id='word_1_13' title='bbox 1653 234 1815 270; x_wconf 76' lang='lat' dir='ltr'>Stratum</span> 
     </span>
     <span class='ocr_line' id='line_1_3' title="bbox 281 297 1817 349; baseline -0.003 -9"><span class='ocrx_word' id='word_1_14' title='bbox 281 304 446 341; x_wconf 71' lang='lat' dir='ltr'>contr-ale</span> <span class='ocrx_word' id='word_1_15' title='bbox 489 309 724 347; x_wconf 72' lang='lat' dir='ltr'>magnopere</span> <span class='ocrx_word' id='word_1_16' title='bbox 769 298 964 335; x_wconf 84' lang='lat' dir='ltr'>evolutum</span> <span class='ocrx_word' id='word_1_17' title='bbox 1007 297 1207 334; x_wconf 87' lang='lat' dir='ltr'>maximam</span> <span class='ocrx_word' id='word_1_18' title='bbox 1252 302 1398 347; x_wconf 87' lang='lat' dir='ltr'>partem</span> <span class='ocrx_word' id='word_1_19' title='bbox 1431 298 1575 337; x_wconf 80' lang='lat' dir='ltr'>frondis</span> <span class='ocrx_word' id='word_1_20' title='bbox 1609 299 1817 349; x_wconf 87' lang='lat' dir='ltr'>constituit,</span> 
     </span>
     <span class='ocr_line' id='line_1_4' title="bbox 281 364 1817 415; baseline -0.001 -8"><span class='ocrx_word' id='word_1_21' title='bbox 281 371 350 408; x_wconf 85' lang='lat' dir='ltr'>tilis</span> <span class='ocrx_word' id='word_1_22' title='bbox 381 366 717 415; x_wconf 72' lang='lat' dir='ltr'>longitudinaliluis</span> <span class='ocrx_word' id='word_1_23' title='bbox 754 364 980 402; x_wconf 78' lang='lat' dir='ltr'>densissime</span> <span class='ocrx_word' id='word_1_24' title='bbox 1019 364 1243 415; x_wconf 79' lang='lat' dir='ltr'>intertextis,</span> <span class='ocrx_word' id='word_1_25' title='bbox 1281 367 1485 413; x_wconf 73' lang='lat' dir='ltr'>granuloso</span> <span class='ocrx_word' id='word_1_26' title='bbox 1518 367 1817 405; x_wconf 83' lang='lat' dir='ltr'>endocbromate</span> 
     </span>
     <span class='ocr_line' id='line_1_5' title="bbox 281 432 1817 485; baseline -0.001 -11"><span class='ocrx_word' id='word_1_27' title='bbox 281 447 380 485; x_wconf 76' lang='lat' dir='ltr'>saepe</span> <span class='ocrx_word' id='word_1_28' title='bbox 412 435 550 485; x_wconf 85' lang='lat' dir='ltr'>farctis,</span> <span class='ocrx_word' id='word_1_29' title='bbox 582 433 799 481; x_wconf 85' lang='lat' dir='ltr'>articulatis,</span> <span class='ocrx_word' id='word_1_30' title='bbox 831 432 997 469; x_wconf 76' lang='lat' dir='ltr'>articulis</span> <span class='ocrx_word' id='word_1_31' title='bbox 1030 433 1340 472; x_wconf 79' lang='lat' dir='ltr'>clavaeformibus.</span> <span class='ocrx_word' id='word_1_32' title='bbox 1399 435 1551 471; x_wconf 69' lang='lat' dir='ltr'>Cellulce</span> <span class='ocrx_word' id='word_1_33' title='bbox 1586 435 1817 472; x_wconf 89' lang='lat' dir='ltr'>rotundato-</span> 
     </span>
     <span class='ocr_line' id='line_1_6' title="bbox 281 499 1818 552; baseline -0.001 -12"><span class='ocrx_word' id='word_1_34' title='bbox 281 504 476 551; x_wconf 58' lang='lat' dir='ltr'>angulata),</span> <span class='ocrx_word' id='word_1_35' title='bbox 507 501 607 539; x_wconf 83' lang='lat' dir='ltr'>serie</span> <span class='ocrx_word' id='word_1_36' title='bbox 651 500 853 549; x_wconf 80' lang='lat' dir='ltr'>multiplici</span> <span class='ocrx_word' id='word_1_37' title='bbox 898 499 1112 550; x_wconf 76' lang='lat' dir='ltr'>dispositae,</span> <span class='ocrx_word' id='word_1_38' title='bbox 1158 500 1415 548; x_wconf 72' lang='lat' dir='ltr'>periplieriam</span> <span class='ocrx_word' id='word_1_39' title='bbox 1460 512 1589 538; x_wconf 76' lang='lat' dir='ltr'>versus</span> <span class='ocrx_word' id='word_1_40' title='bbox 1635 502 1818 552; x_wconf 83' lang='lat' dir='ltr'>minores,</span> 
     </span>
     <span class='ocr_line' id='line_1_7' title="bbox 281 567 1820 617; baseline -0.001 -10"><span class='ocrx_word' id='word_1_41' title='bbox 281 569 451 608; x_wconf 85' lang='lat' dir='ltr'>medium</span> <span class='ocrx_word' id='word_1_42' title='bbox 481 571 638 606; x_wconf 88' lang='lat' dir='ltr'>stratum</span> <span class='ocrx_word' id='word_1_43' title='bbox 669 568 842 617; x_wconf 70' lang='lat' dir='ltr'>cingunt,</span> <span class='ocrx_word' id='word_1_44' title='bbox 874 567 1110 616; x_wconf 82' lang='lat' dir='ltr'>superficiale</span> <span class='ocrx_word' id='word_1_45' title='bbox 1149 570 1306 604; x_wconf 85' lang='lat' dir='ltr'>stratum</span> <span class='ocrx_word' id='word_1_46' title='bbox 1338 567 1483 606; x_wconf 89' lang='lat' dir='ltr'>cellulis</span> <span class='ocrx_word' id='word_1_47' title='bbox 1515 569 1726 606; x_wconf 72' lang='lat' dir='ltr'>rotundatis</span> <span class='ocrx_word' id='word_1_48' title='bbox 1757 572 1820 606; x_wconf 89' lang='lat' dir='ltr'>aut</span> 
     </span>
     <span class='ocr_line' id='line_1_8' title="bbox 281 634 1821 686; baseline -0.001 -11"><span class='ocrx_word' id='word_1_49' title='bbox 281 636 515 685; x_wconf 88' lang='lat' dir='ltr'>subsimplici</span> <span class='ocrx_word' id='word_1_50' title='bbox 554 635 654 674; x_wconf 88' lang='lat' dir='ltr'>serie</span> <span class='ocrx_word' id='word_1_51' title='bbox 691 635 884 685; x_wconf 87' lang='lat' dir='ltr'>dispositis</span> <span class='ocrx_word' id='word_1_52' title='bbox 922 635 983 681; x_wconf 77' lang='lat' dir='ltr'>(in</span> <span class='ocrx_word' id='word_1_53' title='bbox 1021 634 1191 683; x_wconf 86' lang='lat' dir='ltr'>partibus</span> <span class='ocrx_word' id='word_1_54' title='bbox 1231 635 1446 686; x_wconf 73' lang='lat' dir='ltr'>senilibus),</span> <span class='ocrx_word' id='word_1_55' title='bbox 1484 639 1547 673; x_wconf 90' lang='lat' dir='ltr'>aut</span> <span class='ocrx_word' id='word_1_56' title='bbox 1582 638 1665 685; x_wconf 87' lang='lat' dir='ltr'>plus</span> <span class='ocrx_word' id='word_1_57' title='bbox 1695 637 1821 675; x_wconf 86' lang='lat' dir='ltr'>minus</span> 
     </span>
     <span class='ocr_line' id='line_1_9' title="bbox 282 702 1819 751; baseline -0.001 -8"><span class='ocrx_word' id='word_1_58' title='bbox 282 707 322 743; x_wconf 92' lang='lat' dir='ltr'>in</span> <span class='ocrx_word' id='word_1_59' title='bbox 365 707 424 743; x_wconf 85' lang='lat' dir='ltr'>fila</span> <span class='ocrx_word' id='word_1_60' title='bbox 470 703 660 742; x_wconf 86' lang='lat' dir='ltr'>verticalia</span> <span class='ocrx_word' id='word_1_61' title='bbox 704 702 981 740; x_wconf 83' lang='lat' dir='ltr'>moniliformia</span> <span class='ocrx_word' id='word_1_62' title='bbox 1024 703 1272 751; x_wconf 78' lang='lat' dir='ltr'>prolongatis.</span> <span class='ocrx_word' id='word_1_63' title='bbox 1333 705 1372 739; x_wconf 90' lang='lat' dir='ltr'>In</span> <span class='ocrx_word' id='word_1_64' title='bbox 1404 706 1603 750; x_wconf 72' lang='lat' dir='ltr'>segmento</span> <span class='ocrx_word' id='word_1_65' title='bbox 1636 704 1819 751; x_wconf 64' lang='lat' dir='ltr'>glandulae</span> 
     </span>
     <span class='ocr_line' id='line_1_10' title="bbox 283 769 1821 819; baseline -0.001 -9"><span class='ocrx_word' id='word_1_66' title='bbox 283 775 346 810; x_wconf 88' lang='lat' dir='ltr'>aut</span> <span class='ocrx_word' id='word_1_67' title='bbox 391 771 513 809; x_wconf 85' lang='lat' dir='ltr'>folioli</span> <span class='ocrx_word' id='word_1_68' title='bbox 558 770 691 808; x_wconf 84' lang='lat' dir='ltr'>fertilis</span> <span class='ocrx_word' id='word_1_69' title='bbox 736 770 813 807; x_wconf 81' lang='lat' dir='ltr'>axis</span> <span class='ocrx_word' id='word_1_70' title='bbox 858 770 928 807; x_wconf 87' lang='lat' dir='ltr'>filis</span> <span class='ocrx_word' id='word_1_71' title='bbox 973 769 1337 819; x_wconf 77' lang='lat' dir='ltr'>longitudinalibus,</span> <span class='ocrx_word' id='word_1_72' title='bbox 1381 770 1641 818; x_wconf 84' lang='lat' dir='ltr'>peripheriam</span> <span class='ocrx_word' id='word_1_73' title='bbox 1691 783 1821 809; x_wconf 88' lang='lat' dir='ltr'>versus</span> 
     </span>
     <span class='ocr_line' id='line_1_11' title="bbox 282 837 1822 889; baseline -0.003 -10"><span class='ocrx_word' id='word_1_74' title='bbox 282 841 401 889; x_wconf 73' lang='lat' dir='ltr'>magis</span> <span class='ocrx_word' id='word_1_75' title='bbox 438 839 807 878; x_wconf 87' lang='lat' dir='ltr'>anastomosantibus</span> <span class='ocrx_word' id='word_1_76' title='bbox 845 840 883 875; x_wconf 88' lang='lat' dir='ltr'>et</span> <span class='ocrx_word' id='word_1_77' title='bbox 920 837 957 875; x_wconf 90' lang='lat' dir='ltr'>in</span> <span class='ocrx_word' id='word_1_78' title='bbox 998 837 1199 875; x_wconf 88' lang='lat' dir='ltr'>reticulum</span> <span class='ocrx_word' id='word_1_79' title='bbox 1231 837 1458 888; x_wconf 77' lang='lat' dir='ltr'>conjunctis,</span> <span class='ocrx_word' id='word_1_80' title='bbox 1490 841 1716 887; x_wconf 79' lang='lat' dir='ltr'>occupa1ur3</span> <span class='ocrx_word' id='word_1_81' title='bbox 1747 850 1822 887; x_wconf 86' lang='lat' dir='ltr'>pe-</span> 
     </span>
     <span class='ocr_line' id='line_1_12' title="bbox 283 905 1626 958; baseline -0.002 -11"><span class='ocrx_word' id='word_1_82' title='bbox 283 908 516 958; x_wconf 83' lang='lat' dir='ltr'>riphericum</span> <span class='ocrx_word' id='word_1_83' title='bbox 547 911 704 945; x_wconf 88' lang='lat' dir='ltr'>stratum</span> <span class='ocrx_word' id='word_1_84' title='bbox 736 906 806 944; x_wconf 82' lang='lat' dir='ltr'>fitis</span> <span class='ocrx_word' id='word_1_85' title='bbox 837 905 1163 943; x_wconf 83' lang='lat' dir='ltr'>moniliformibus</span> <span class='ocrx_word' id='word_1_86' title='bbox 1195 905 1437 943; x_wconf 65' lang='lat' dir='ltr'>vestientibus</span> <span class='ocrx_word' id='word_1_87' title='bbox 1468 909 1626 944; x_wconf 82' lang='lat' dir='ltr'>constat.</span> 
     </span>
    </p>

    <p class='ocr_par' dir='ltr' id='par_1_3' title="bbox 282 971 1825 2294">
     <span class='ocr_line' id='line_1_13' title="bbox 394 971 1823 1021; baseline -0.003 -7"><span class='ocrx_word' id='word_1_88' title='bbox 394 979 550 1014; x_wconf 84' lang='lat' dir='ltr'>Fructus</span> <span class='ocrx_word' id='word_1_89' title='bbox 588 975 804 1013; x_wconf 79' lang='lat' dir='ltr'>adhucdum</span> <span class='ocrx_word' id='word_1_90' title='bbox 841 986 919 1012; x_wconf 91' lang='lat' dir='ltr'>non</span> <span class='ocrx_word' id='word_1_91' title='bbox 958 974 1030 1012; x_wconf 88' lang='lat' dir='ltr'>rite</span> <span class='ocrx_word' id='word_1_92' title='bbox 1063 973 1218 1021; x_wconf 77' lang='lat' dir='ltr'>cogniti.</span> <span class='ocrx_word' id='word_1_93' title='bbox 1286 976 1326 1010; x_wconf 92' lang='lat' dir='ltr'>In</span> <span class='ocrx_word' id='word_1_94' title='bbox 1358 973 1459 1010; x_wconf 88' lang='lat' dir='ltr'>nulla</span> <span class='ocrx_word' id='word_1_95' title='bbox 1491 972 1593 1010; x_wconf 88' lang='lat' dir='ltr'>enim</span> <span class='ocrx_word' id='word_1_96' title='bbox 1625 971 1753 1020; x_wconf 83' lang='lat' dir='ltr'>specie</span> <span class='ocrx_word' id='word_1_97' title='bbox 1786 976 1823 1010; x_wconf 87' lang='lat' dir='ltr'>et</span> 
     </span>
     <span class='ocr_line' id='line_1_14' title="bbox 282 1040 1822 1092; baseline -0.003 -11"><span class='ocrx_word' id='word_1_98' title='bbox 282 1043 554 1092; x_wconf 80' lang='lat' dir='ltr'>spbaerosporae</span> <span class='ocrx_word' id='word_1_99' title='bbox 595 1046 632 1080; x_wconf 89' lang='lat' dir='ltr'>et</span> <span class='ocrx_word' id='word_1_100' title='bbox 669 1043 811 1080; x_wconf 81' lang='lat' dir='ltr'>favellae</span> <span class='ocrx_word' id='word_1_101' title='bbox 841 1042 953 1079; x_wconf 87' lang='lat' dir='ltr'>simul</span> <span class='ocrx_word' id='word_1_102' title='bbox 985 1042 1202 1079; x_wconf 80' lang='lat' dir='ltr'>observatae.</span> <span class='ocrx_word' id='word_1_103' title='bbox 1265 1041 1435 1091; x_wconf 77' lang='lat' dir='ltr'>Species,</span> <span class='ocrx_word' id='word_1_104' title='bbox 1466 1052 1549 1089; x_wconf 86' lang='lat' dir='ltr'>quae</span> <span class='ocrx_word' id='word_1_105' title='bbox 1584 1041 1725 1078; x_wconf 83' lang='lat' dir='ltr'>favellis</span> <span class='ocrx_word' id='word_1_106' title='bbox 1757 1040 1822 1078; x_wconf 87' lang='lat' dir='ltr'>iu-</span> 
     </span>
     <span class='ocr_line' id='line_1_15' title="bbox 282 1108 1822 1159; baseline -0.001 -12"><span class='ocrx_word' id='word_1_107' title='bbox 282 1114 430 1148; x_wconf 79' lang='lat' dir='ltr'>structae</span> <span class='ocrx_word' id='word_1_108' title='bbox 477 1111 683 1148; x_wconf 79' lang='lat' dir='ltr'>observatae</span> <span class='ocrx_word' id='word_1_109' title='bbox 730 1111 896 1159; x_wconf 84' lang='lat' dir='ltr'>suerunt,</span> <span class='ocrx_word' id='word_1_110' title='bbox 935 1109 984 1146; x_wconf 94' lang='lat' dir='ltr'>ob</span> <span class='ocrx_word' id='word_1_111' title='bbox 1023 1109 1171 1156; x_wconf 82' lang='lat' dir='ltr'>ignotas</span> <span class='ocrx_word' id='word_1_112' title='bbox 1212 1111 1493 1158; x_wconf 79' lang='lat' dir='ltr'>spbaerosporas</span> <span class='ocrx_word' id='word_1_113' title='bbox 1524 1119 1667 1156; x_wconf 79' lang='lat' dir='ltr'>genere</span> <span class='ocrx_word' id='word_1_114' title='bbox 1698 1108 1822 1146; x_wconf 78' lang='lat' dir='ltr'>dubire</span> 
     </span>
     <span class='ocr_line' id='line_1_16' title="bbox 282 1175 1824 1224; baseline -0.002 -9"><span class='ocrx_word' id='word_1_115' title='bbox 282 1180 381 1215; x_wconf 86' lang='lat' dir='ltr'>sunt.</span> <span class='ocrx_word' id='word_1_116' title='bbox 448 1178 603 1214; x_wconf 82' lang='lat' dir='ltr'>Favcllae</span> <span class='ocrx_word' id='word_1_117' title='bbox 643 1176 679 1213; x_wconf 89' lang='lat' dir='ltr'>in</span> <span class='ocrx_word' id='word_1_118' title='bbox 718 1177 774 1214; x_wconf 86' lang='lat' dir='ltr'>Pr.</span> <span class='ocrx_word' id='word_1_119' title='bbox 813 1175 1058 1223; x_wconf 84' lang='lat' dir='ltr'>micropbylla</span> <span class='ocrx_word' id='word_1_120' title='bbox 1091 1175 1216 1212; x_wconf 89' lang='lat' dir='ltr'>frondi</span> <span class='ocrx_word' id='word_1_121' title='bbox 1249 1176 1449 1224; x_wconf 68' lang='lat' dir='ltr'>immersre,</span> <span class='ocrx_word' id='word_1_122' title='bbox 1481 1176 1619 1212; x_wconf 87' lang='lat' dir='ltr'>nucleo</span> <span class='ocrx_word' id='word_1_123' title='bbox 1651 1178 1824 1212; x_wconf 87' lang='lat' dir='ltr'>constant</span> 
     </span>
     <span class='ocr_line' id='line_1_17' title="bbox 282 1243 1822 1294; baseline -0.003 -12"><span class='ocrx_word' id='word_1_124' title='bbox 282 1245 458 1294; x_wconf 81' lang='lat' dir='ltr'>simplici,</span> <span class='ocrx_word' id='word_1_125' title='bbox 489 1245 586 1282; x_wconf 87' lang='lat' dir='ltr'>intra</span> <span class='ocrx_word' id='word_1_126' title='bbox 617 1244 836 1293; x_wconf 88' lang='lat' dir='ltr'>periderma</span> <span class='ocrx_word' id='word_1_127' title='bbox 867 1243 1054 1290; x_wconf 71' lang='lat' dir='ltr'>byalinum</span> <span class='ocrx_word' id='word_1_128' title='bbox 1087 1243 1290 1291; x_wconf 76' lang='lat' dir='ltr'>gemmidia</span> <span class='ocrx_word' id='word_1_129' title='bbox 1315 1243 1476 1292; x_wconf 83' lang='lat' dir='ltr'>plurima</span> <span class='ocrx_word' id='word_1_130' title='bbox 1497 1243 1662 1279; x_wconf 80' lang='lat' dir='ltr'>fovente.</span> <span class='ocrx_word' id='word_1_131' title='bbox 1679 1263 1733 1268; x_wconf 82' lang='lat'>——</span> <span class='ocrx_word' id='word_1_132' title='bbox 1749 1245 1822 1288; x_wconf 72' lang='lat' dir='ltr'>Cy-</span> 
     </span>
     <span class='ocr_line' id='line_1_18' title="bbox 283 1308 1823 1359; baseline -0.001 -12"><span class='ocrx_word' id='word_1_133' title='bbox 283 1310 471 1359; x_wconf 86' lang='lat' dir='ltr'>stocarpia</span> <span class='ocrx_word' id='word_1_134' title='bbox 504 1311 540 1348; x_wconf 88' lang='lat' dir='ltr'>in</span> <span class='ocrx_word' id='word_1_135' title='bbox 573 1315 673 1349; x_wconf 86' lang='lat' dir='ltr'>Fuco</span> <span class='ocrx_word' id='word_1_136' title='bbox 706 1310 844 1347; x_wconf 88' lang='lat' dir='ltr'>crinito</span> <span class='ocrx_word' id='word_1_137' title='bbox 874 1310 1032 1347; x_wconf 84' lang='lat' dir='ltr'>diversae</span> <span class='ocrx_word' id='word_1_138' title='bbox 1065 1310 1145 1347; x_wconf 86' lang='lat' dir='ltr'>sere</span> <span class='ocrx_word' id='word_1_139' title='bbox 1177 1310 1318 1348; x_wconf 90' lang='lat' dir='ltr'>indolis</span> <span class='ocrx_word' id='word_1_140' title='bbox 1350 1310 1543 1359; x_wconf 77' lang='lat' dir='ltr'>videntur3</span> <span class='ocrx_word' id='word_1_141' title='bbox 1576 1308 1642 1346; x_wconf 88' lang='lat' dir='ltr'>sed</span> <span class='ocrx_word' id='word_1_142' title='bbox 1675 1309 1713 1346; x_wconf 90' lang='lat' dir='ltr'>in</span> <span class='ocrx_word' id='word_1_143' title='bbox 1746 1320 1823 1345; x_wconf 91' lang='lat' dir='ltr'>no-</span> 
     </span>
     <span class='ocr_line' id='line_1_19' title="bbox 283 1376 1823 1426; baseline -0.002 -10"><span class='ocrx_word' id='word_1_144' title='bbox 283 1379 369 1416; x_wconf 87' lang='lat' dir='ltr'>stris</span> <span class='ocrx_word' id='word_1_145' title='bbox 401 1379 449 1416; x_wconf 88' lang='lat' dir='ltr'>ita</span> <span class='ocrx_word' id='word_1_146' title='bbox 477 1379 659 1426; x_wconf 78' lang='lat' dir='ltr'>juvenilia</span> <span class='ocrx_word' id='word_1_147' title='bbox 691 1381 731 1414; x_wconf 86' lang='lat' dir='ltr'>ut</span> <span class='ocrx_word' id='word_1_148' title='bbox 761 1381 907 1415; x_wconf 89' lang='lat' dir='ltr'>certum</span> <span class='ocrx_word' id='word_1_149' title='bbox 935 1377 1122 1425; x_wconf 87' lang='lat' dir='ltr'>judicium</span> <span class='ocrx_word' id='word_1_150' title='bbox 1153 1377 1200 1414; x_wconf 88' lang='lat' dir='ltr'>de</span> <span class='ocrx_word' id='word_1_151' title='bbox 1233 1378 1277 1414; x_wconf 87' lang='lat' dir='ltr'>iis</span> <span class='ocrx_word' id='word_1_152' title='bbox 1310 1378 1409 1415; x_wconf 81' lang='lat' dir='ltr'>ferre</span> <span class='ocrx_word' id='word_1_153' title='bbox 1434 1388 1513 1414; x_wconf 90' lang='lat' dir='ltr'>non</span> <span class='ocrx_word' id='word_1_154' title='bbox 1544 1377 1664 1414; x_wconf 88' lang='lat' dir='ltr'>liceat.</span> <span class='ocrx_word' id='word_1_155' title='bbox 1724 1376 1823 1414; x_wconf 84' lang='lat' dir='ltr'>Ciliae</span> 
     </span>
     <span class='ocr_line' id='line_1_20' title="bbox 282 1444 1824 1494; baseline -0.001 -11"><span class='ocrx_word' id='word_1_156' title='bbox 282 1447 372 1494; x_wconf 81' lang='lat' dir='ltr'>ipsae</span> <span class='ocrx_word' id='word_1_157' title='bbox 405 1446 442 1482; x_wconf 91' lang='lat' dir='ltr'>in</span> <span class='ocrx_word' id='word_1_158' title='bbox 474 1449 573 1483; x_wconf 87' lang='lat' dir='ltr'>Fuco</span> <span class='ocrx_word' id='word_1_159' title='bbox 614 1446 751 1483; x_wconf 87' lang='lat' dir='ltr'>crinito</span> <span class='ocrx_word' id='word_1_160' title='bbox 791 1445 971 1482; x_wconf 76' lang='lat' dir='ltr'>inflantur</span> <span class='ocrx_word' id='word_1_161' title='bbox 1003 1449 1040 1482; x_wconf 90' lang='lat' dir='ltr'>et</span> <span class='ocrx_word' id='word_1_162' title='bbox 1069 1446 1106 1482; x_wconf 89' lang='lat' dir='ltr'>in</span> <span class='ocrx_word' id='word_1_163' title='bbox 1138 1445 1351 1494; x_wconf 84' lang='lat' dir='ltr'>pericarpia</span> <span class='ocrx_word' id='word_1_164' title='bbox 1391 1447 1496 1482; x_wconf 79' lang='lat' dir='ltr'>ovata</span> <span class='ocrx_word' id='word_1_165' title='bbox 1528 1444 1824 1481; x_wconf 79' lang='lat' dir='ltr'>subnuicronata</span> 
     </span>
     <span class='ocr_line' id='line_1_21' title="bbox 283 1511 1823 1562; baseline -0.002 -12"><span class='ocrx_word' id='word_1_166' title='bbox 283 1517 593 1552; x_wconf 83' lang='lat' dir='ltr'>transmutantur.</span> <span class='ocrx_word' id='word_1_167' title='bbox 652 1513 910 1562; x_wconf 84' lang='lat' dir='ltr'>Pericarpium</span> <span class='ocrx_word' id='word_1_168' title='bbox 942 1513 1092 1551; x_wconf 91' lang='lat' dir='ltr'>duobus</span> <span class='ocrx_word' id='word_1_169' title='bbox 1124 1513 1377 1552; x_wconf 77' lang='lat' dir='ltr'>exterioribus</span> <span class='ocrx_word' id='word_1_170' title='bbox 1408 1513 1531 1550; x_wconf 90' lang='lat' dir='ltr'>stratis</span> <span class='ocrx_word' id='word_1_171' title='bbox 1558 1511 1705 1549; x_wconf 84' lang='lat' dir='ltr'>frondis</span> <span class='ocrx_word' id='word_1_172' title='bbox 1723 1522 1823 1548; x_wconf 84' lang='lat' dir='ltr'>con-</span> 
     </span>
     <span class='ocr_line' id='line_1_22' title="bbox 283 1578 1824 1632; baseline -0.002 -14"><span class='ocrx_word' id='word_1_173' title='bbox 283 1585 426 1619; x_wconf 80' lang='lat' dir='ltr'>textum</span> <span class='ocrx_word' id='word_1_174' title='bbox 457 1584 530 1631; x_wconf 83' lang='lat' dir='ltr'>est3</span> <span class='ocrx_word' id='word_1_175' title='bbox 563 1581 707 1618; x_wconf 87' lang='lat' dir='ltr'>cellulis</span> <span class='ocrx_word' id='word_1_176' title='bbox 737 1592 878 1629; x_wconf 82' lang='lat' dir='ltr'>nempe</span> <span class='ocrx_word' id='word_1_177' title='bbox 909 1581 1161 1618; x_wconf 75' lang='lat' dir='ltr'>exterioribus</span> <span class='ocrx_word' id='word_1_178' title='bbox 1192 1581 1358 1632; x_wconf 87' lang='lat' dir='ltr'>radiatis,</span> <span class='ocrx_word' id='word_1_179' title='bbox 1389 1581 1427 1618; x_wconf 89' lang='lat' dir='ltr'>in</span> <span class='ocrx_word' id='word_1_180' title='bbox 1459 1581 1518 1617; x_wconf 83' lang='lat' dir='ltr'>fila</span> <span class='ocrx_word' id='word_1_181' title='bbox 1548 1578 1824 1617; x_wconf 81' lang='lat' dir='ltr'>moniliformia</span> 
     </span>
     <span class='ocr_line' id='line_1_23' title="bbox 283 1648 1824 1699; baseline -0.002 -13"><span class='ocrx_word' id='word_1_182' title='bbox 283 1650 457 1699; x_wconf 86' lang='lat' dir='ltr'>evolutis,</span> <span class='ocrx_word' id='word_1_183' title='bbox 495 1648 822 1697; x_wconf 75' lang='lat' dir='ltr'>inferioribusque</span> <span class='ocrx_word' id='word_1_184' title='bbox 859 1649 1113 1686; x_wconf 86' lang='lat' dir='ltr'>concentricis</span> <span class='ocrx_word' id='word_1_185' title='bbox 1153 1648 1360 1686; x_wconf 86' lang='lat' dir='ltr'>laxioribus</span> <span class='ocrx_word' id='word_1_186' title='bbox 1391 1649 1824 1696; x_wconf 77' lang='lat' dir='ltr'>ungulato-anastomo-</span> 
     </span>
     <span class='ocr_line' id='line_1_24' title="bbox 283 1715 1823 1766; baseline -0.001 -12"><span class='ocrx_word' id='word_1_187' title='bbox 283 1716 468 1765; x_wconf 82' lang='lat' dir='ltr'>santibus3</span> <span class='ocrx_word' id='word_1_188' title='bbox 511 1719 668 1753; x_wconf 87' lang='lat' dir='ltr'>stratum</span> <span class='ocrx_word' id='word_1_189' title='bbox 713 1716 930 1766; x_wconf 83' lang='lat' dir='ltr'>pericarpii,</span> <span class='ocrx_word' id='word_1_190' title='bbox 964 1716 1077 1753; x_wconf 87' lang='lat' dir='ltr'>unico</span> <span class='ocrx_word' id='word_1_191' title='bbox 1124 1715 1213 1754; x_wconf 89' lang='lat' dir='ltr'>loco</span> <span class='ocrx_word' id='word_1_192' title='bbox 1254 1716 1460 1765; x_wconf 67' lang='lat' dir='ltr'>angustius,</span> <span class='ocrx_word' id='word_1_193' title='bbox 1500 1715 1655 1752; x_wconf 85' lang='lat' dir='ltr'>demum</span> <span class='ocrx_word' id='word_1_194' title='bbox 1694 1715 1823 1752; x_wconf 78' lang='lat' dir='ltr'>forsan</span> 
     </span>
     <span class='ocr_line' id='line_1_25' title="bbox 284 1782 1822 1834; baseline -0.001 -13"><span class='ocrx_word' id='word_1_195' title='bbox 284 1784 543 1833; x_wconf 89' lang='lat' dir='ltr'>carpostomio</span> <span class='ocrx_word' id='word_1_196' title='bbox 574 1783 774 1832; x_wconf 88' lang='lat' dir='ltr'>rumpitur.</span> <span class='ocrx_word' id='word_1_197' title='bbox 833 1784 909 1821; x_wconf 82' lang='lat' dir='ltr'>Fila</span> <span class='ocrx_word' id='word_1_198' title='bbox 940 1784 1044 1821; x_wconf 85' lang='lat' dir='ltr'>strati</span> <span class='ocrx_word' id='word_1_199' title='bbox 1077 1783 1270 1834; x_wconf 75' lang='lat' dir='ltr'>centralis,</span> <span class='ocrx_word' id='word_1_200' title='bbox 1302 1783 1676 1821; x_wconf 85' lang='lat' dir='ltr'>locoinssatomulto</span> <span class='ocrx_word' id='word_1_201' title='bbox 1697 1782 1822 1820; x_wconf 76' lang='lat' dir='ltr'>laxio-</span> 
     </span>
     <span class='ocr_line' id='line_1_26' title="bbox 284 1850 1823 1901; baseline -0.001 -12"><span class='ocrx_word' id='word_1_202' title='bbox 284 1864 336 1901; x_wconf 87' lang='lat' dir='ltr'>ra,</span> <span class='ocrx_word' id='word_1_203' title='bbox 376 1850 702 1899; x_wconf 82' lang='lat' dir='ltr'>longitudinaliter</span> <span class='ocrx_word' id='word_1_204' title='bbox 743 1852 996 1900; x_wconf 80' lang='lat' dir='ltr'>pericarpium</span> <span class='ocrx_word' id='word_1_205' title='bbox 1029 1853 1271 1901; x_wconf 84' lang='lat' dir='ltr'>percurrunt,</span> <span class='ocrx_word' id='word_1_206' title='bbox 1302 1861 1387 1887; x_wconf 88' lang='lat' dir='ltr'>cum</span> <span class='ocrx_word' id='word_1_207' title='bbox 1422 1850 1567 1888; x_wconf 88' lang='lat' dir='ltr'>cellulis</span> <span class='ocrx_word' id='word_1_208' title='bbox 1599 1854 1823 1888; x_wconf 81' lang='lat' dir='ltr'>anast-omo-</span> 
     </span>
     <span class='ocr_line' id='line_1_27' title="bbox 283 1917 1825 1966; baseline -0.001 -11"><span class='ocrx_word' id='word_1_209' title='bbox 283 1919 452 1956; x_wconf 82' lang='lat' dir='ltr'>santibus</span> <span class='ocrx_word' id='word_1_210' title='bbox 495 1918 612 1955; x_wconf 88' lang='lat' dir='ltr'>medii</span> <span class='ocrx_word' id='word_1_211' title='bbox 656 1919 759 1955; x_wconf 87' lang='lat' dir='ltr'>strati</span> <span class='ocrx_word' id='word_1_212' title='bbox 807 1919 1021 1965; x_wconf 79' lang='lat' dir='ltr'>conjuncta.</span> <span class='ocrx_word' id='word_1_213' title='bbox 1095 1921 1135 1955; x_wconf 90' lang='lat' dir='ltr'>In</span> <span class='ocrx_word' id='word_1_214' title='bbox 1181 1919 1294 1966; x_wconf 79' lang='lat' dir='ltr'>plexu</span> <span class='ocrx_word' id='word_1_215' title='bbox 1338 1918 1475 1955; x_wconf 86' lang='lat' dir='ltr'>borum</span> <span class='ocrx_word' id='word_1_216' title='bbox 1519 1918 1670 1955; x_wconf 83' lang='lat' dir='ltr'>filorum</span> <span class='ocrx_word' id='word_1_217' title='bbox 1702 1917 1825 1955; x_wconf 89' lang='lat' dir='ltr'>oritur</span> 
     </span>
     <span class='ocr_line' id='line_1_28' title="bbox 283 1985 1825 2036; baseline -0.001 -13"><span class='ocrx_word' id='word_1_218' title='bbox 283 1987 442 2023; x_wconf 86' lang='lat' dir='ltr'>nucleus</span> <span class='ocrx_word' id='word_1_219' title='bbox 481 1985 650 2022; x_wconf 83' lang='lat' dir='ltr'>tenacius</span> <span class='ocrx_word' id='word_1_220' title='bbox 687 1986 896 2036; x_wconf 71' lang='lat' dir='ltr'>cohaerens,</span> <span class='ocrx_word' id='word_1_221' title='bbox 935 1985 1081 2022; x_wconf 85' lang='lat' dir='ltr'>cellulis</span> <span class='ocrx_word' id='word_1_222' title='bbox 1111 1995 1425 2034; x_wconf 85' lang='lat' dir='ltr'>quoquoversum</span> <span class='ocrx_word' id='word_1_223' title='bbox 1458 1985 1694 2023; x_wconf 82' lang='lat' dir='ltr'>radiantibus</span> <span class='ocrx_word' id='word_1_224' title='bbox 1726 1995 1825 2021; x_wconf 88' lang='lat' dir='ltr'>con-</span> 
     </span>
     <span class='ocr_line' id='line_1_29' title="bbox 283 2051 1823 2104; baseline -0.002 -13"><span class='ocrx_word' id='word_1_225' title='bbox 283 2054 445 2104; x_wconf 86' lang='lat' dir='ltr'>stitutus,</span> <span class='ocrx_word' id='word_1_226' title='bbox 478 2053 650 2091; x_wconf 86' lang='lat' dir='ltr'>interfila</span> <span class='ocrx_word' id='word_1_227' title='bbox 668 2054 1251 2102; x_wconf 80' lang='lat' dir='ltr'>suspensus.——Spbaerosporae</span> <span class='ocrx_word' id='word_1_228' title='bbox 1284 2053 1342 2100; x_wconf 77' lang='lat' dir='ltr'>(in</span> <span class='ocrx_word' id='word_1_229' title='bbox 1375 2055 1434 2091; x_wconf 91' lang='lat' dir='ltr'>Pr.</span> <span class='ocrx_word' id='word_1_230' title='bbox 1465 2051 1630 2103; x_wconf 87' lang='lat' dir='ltr'>australi,</span> <span class='ocrx_word' id='word_1_231' title='bbox 1660 2054 1716 2090; x_wconf 89' lang='lat' dir='ltr'>Pr.</span> <span class='ocrx_word' id='word_1_232' title='bbox 1748 2063 1823 2100; x_wconf 87' lang='lat' dir='ltr'>pe-</span> 
     </span>
     <span class='ocr_line' id='line_1_30' title="bbox 284 2118 1823 2169; baseline -0.001 -13"><span class='ocrx_word' id='word_1_233' title='bbox 284 2122 419 2158; x_wconf 82' lang='lat' dir='ltr'>ctinata</span> <span class='ocrx_word' id='word_1_234' title='bbox 467 2123 504 2158; x_wconf 84' lang='lat' dir='ltr'>et</span> <span class='ocrx_word' id='word_1_235' title='bbox 548 2123 603 2158; x_wconf 88' lang='lat' dir='ltr'>Pr.</span> <span class='ocrx_word' id='word_1_236' title='bbox 650 2121 801 2168; x_wconf 75' lang='lat' dir='ltr'>ligulata</span> <span class='ocrx_word' id='word_1_237' title='bbox 843 2120 1069 2168; x_wconf 79' lang='lat' dir='ltr'>observatae)</span> <span class='ocrx_word' id='word_1_238' title='bbox 1102 2121 1138 2157; x_wconf 95' lang='lat' dir='ltr'>in</span> <span class='ocrx_word' id='word_1_239' title='bbox 1171 2119 1303 2169; x_wconf 73' lang='lat' dir='ltr'>phyllis</span> <span class='ocrx_word' id='word_1_240' title='bbox 1334 2119 1566 2168; x_wconf 76' lang='lat' dir='ltr'>glandulisve</span> <span class='ocrx_word' id='word_1_241' title='bbox 1597 2118 1823 2166; x_wconf 79' lang='lat' dir='ltr'>marginali-</span> 
     </span>
     <span class='ocr_line' id='line_1_31' title="bbox 283 2184 1824 2239; baseline -0.003 -14"><span class='ocrx_word' id='word_1_242' title='bbox 283 2189 352 2226; x_wconf 93' lang='lat' dir='ltr'>bus</span> <span class='ocrx_word' id='word_1_243' title='bbox 385 2189 557 2237; x_wconf 78' lang='lat' dir='ltr'>evolutae,</span> <span class='ocrx_word' id='word_1_244' title='bbox 589 2187 776 2238; x_wconf 76' lang='lat' dir='ltr'>oblongae,</span> <span class='ocrx_word' id='word_1_245' title='bbox 806 2188 1004 2225; x_wconf 86' lang='lat' dir='ltr'>cruciatim</span> <span class='ocrx_word' id='word_1_246' title='bbox 1034 2187 1174 2239; x_wconf 84' lang='lat' dir='ltr'>divisae,</span> <span class='ocrx_word' id='word_1_247' title='bbox 1208 2188 1306 2225; x_wconf 87' lang='lat' dir='ltr'>inter</span> <span class='ocrx_word' id='word_1_248' title='bbox 1336 2188 1394 2224; x_wconf 86' lang='lat' dir='ltr'>fila</span> <span class='ocrx_word' id='word_1_249' title='bbox 1425 2185 1700 2225; x_wconf 86' lang='lat' dir='ltr'>moniliformia</span> <span class='ocrx_word' id='word_1_250' title='bbox 1719 2184 1824 2222; x_wconf 84' lang='lat' dir='ltr'>strati</span> 
     </span>
     <span class='ocr_line' id='line_1_32' title="bbox 285 2255 1097 2294; baseline -0.001 0"><span class='ocrx_word' id='word_1_251' title='bbox 285 2255 486 2294; x_wconf 81' lang='lat' dir='ltr'>exterioris</span> <span class='ocrx_word' id='word_1_252' title='bbox 518 2255 657 2293; x_wconf 84' lang='lat' dir='ltr'>eximie</span> <span class='ocrx_word' id='word_1_253' title='bbox 688 2257 837 2293; x_wconf 85' lang='lat' dir='ltr'>evoluta</span> <span class='ocrx_word' id='word_1_254' title='bbox 869 2256 1097 2294; x_wconf 86' lang='lat' dir='ltr'>nidulantes.</span> 
     </span>
    </p>

    <p class='ocr_par' dir='ltr' id='par_1_4' title="bbox 284 2320 1823 2913">
     <span class='ocr_line' id='line_1_33' title="bbox 396 2320 1822 2373; baseline -0.002 -13"><span class='ocrx_word' id='word_1_255' title='bbox 396 2322 550 2371; x_wconf 89' lang='lat' dir='ltr'>Species</span> <span class='ocrx_word' id='word_1_256' title='bbox 581 2322 696 2360; x_wconf 90' lang='lat' dir='ltr'>maris</span> <span class='ocrx_word' id='word_1_257' title='bbox 728 2323 873 2372; x_wconf 84' lang='lat' dir='ltr'>pacifici</span> <span class='ocrx_word' id='word_1_258' title='bbox 907 2326 945 2360; x_wconf 84' lang='lat' dir='ltr'>et:</span> <span class='ocrx_word' id='word_1_259' title='bbox 974 2323 1147 2361; x_wconf 86' lang='lat' dir='ltr'>australis</span> <span class='ocrx_word' id='word_1_260' title='bbox 1178 2322 1326 2373; x_wconf 81' lang='lat' dir='ltr'>incolae,</span> <span class='ocrx_word' id='word_1_261' title='bbox 1358 2322 1397 2359; x_wconf 94' lang='lat' dir='ltr'>in</span> <span class='ocrx_word' id='word_1_262' title='bbox 1428 2320 1719 2359; x_wconf 87' lang='lat' dir='ltr'>collectionibus</span> <span class='ocrx_word' id='word_1_263' title='bbox 1751 2320 1822 2358; x_wconf 91' lang='lat' dir='ltr'>ad-</span> 
     </span>
     <span class='ocr_line' id='line_1_34' title="bbox 285 2387 1823 2441; baseline -0.002 -14"><span class='ocrx_word' id='word_1_264' title='bbox 285 2391 356 2427; x_wconf 90' lang='lat' dir='ltr'>buc</span> <span class='ocrx_word' id='word_1_265' title='bbox 387 2401 491 2441; x_wconf 75' lang='lat' dir='ltr'>rarae,</span> <span class='ocrx_word' id='word_1_266' title='bbox 536 2389 663 2427; x_wconf 88' lang='lat' dir='ltr'>babitu</span> <span class='ocrx_word' id='word_1_267' title='bbox 703 2393 740 2426; x_wconf 90' lang='lat' dir='ltr'>et</span> <span class='ocrx_word' id='word_1_268' title='bbox 775 2393 961 2427; x_wconf 83' lang='lat' dir='ltr'>structura</span> <span class='ocrx_word' id='word_1_269' title='bbox 1001 2390 1090 2427; x_wconf 89' lang='lat' dir='ltr'>satis</span> <span class='ocrx_word' id='word_1_270' title='bbox 1119 2390 1405 2439; x_wconf 78' lang='lat' dir='ltr'>convenientes,</span> <span class='ocrx_word' id='word_1_271' title='bbox 1437 2399 1556 2436; x_wconf 81' lang='lat' dir='ltr'>genus</span> <span class='ocrx_word' id='word_1_272' title='bbox 1587 2387 1823 2426; x_wconf 86' lang='lat' dir='ltr'>constituunt</span> 
     </span>
     <span class='ocr_line' id='line_1_35' title="bbox 285 2454 1822 2504; baseline -0.003 -10"><span class='ocrx_word' id='word_1_273' title='bbox 285 2457 457 2494; x_wconf 87' lang='lat' dir='ltr'>nondum</span> <span class='ocrx_word' id='word_1_274' title='bbox 488 2456 664 2494; x_wconf 89' lang='lat' dir='ltr'>omnibus</span> <span class='ocrx_word' id='word_1_275' title='bbox 696 2457 865 2494; x_wconf 84' lang='lat' dir='ltr'>numeris</span> <span class='ocrx_word' id='word_1_276' title='bbox 896 2456 1113 2494; x_wconf 78' lang='lat' dir='ltr'>stabilitum.</span> <span class='ocrx_word' id='word_1_277' title='bbox 1177 2459 1341 2504; x_wconf 85' lang='lat' dir='ltr'>Utroque</span> <span class='ocrx_word' id='word_1_278' title='bbox 1374 2456 1476 2492; x_wconf 87' lang='lat' dir='ltr'>enim</span> <span class='ocrx_word' id='word_1_279' title='bbox 1510 2455 1631 2492; x_wconf 89' lang='lat' dir='ltr'>fructu</span> <span class='ocrx_word' id='word_1_280' title='bbox 1651 2454 1822 2491; x_wconf 85' lang='lat' dir='ltr'>nondum</span> 
     </span>
     <span class='ocr_line' id='line_1_36' title="bbox 285 2522 1822 2575; baseline -0.002 -14"><span class='ocrx_word' id='word_1_281' title='bbox 285 2525 322 2561; x_wconf 92' lang='lat' dir='ltr'>in</span> <span class='ocrx_word' id='word_1_282' title='bbox 355 2536 426 2561; x_wconf 90' lang='lat' dir='ltr'>una</span> <span class='ocrx_word' id='word_1_283' title='bbox 466 2524 679 2573; x_wconf 79' lang='lat' dir='ltr'>eademque</span> <span class='ocrx_word' id='word_1_284' title='bbox 721 2525 849 2574; x_wconf 88' lang='lat' dir='ltr'>specie</span> <span class='ocrx_word' id='word_1_285' title='bbox 892 2525 1060 2575; x_wconf 74' lang='lat' dir='ltr'>cognito,</span> <span class='ocrx_word' id='word_1_286' title='bbox 1095 2524 1227 2561; x_wconf 59' lang='lat' dir='ltr'>idaiam</span> <span class='ocrx_word' id='word_1_287' title='bbox 1259 2523 1306 2560; x_wconf 88' lang='lat' dir='ltr'>de</span> <span class='ocrx_word' id='word_1_288' title='bbox 1339 2533 1482 2571; x_wconf 77' lang='lat' dir='ltr'>genere</span> <span class='ocrx_word' id='word_1_289' title='bbox 1509 2522 1650 2568; x_wconf 83' lang='lat' dir='ltr'>justam</span> <span class='ocrx_word' id='word_1_290' title='bbox 1682 2522 1822 2559; x_wconf 88' lang='lat' dir='ltr'>babere</span> 
     </span>
     <span class='ocr_line' id='line_1_37' title="bbox 284 2589 1822 2641; baseline -0.002 -12"><span class='ocrx_word' id='word_1_291' title='bbox 284 2603 356 2629; x_wconf 87' lang='lat' dir='ltr'>nec</span> <span class='ocrx_word' id='word_1_292' title='bbox 402 2592 522 2629; x_wconf 87' lang='lat' dir='ltr'>liceat.</span> <span class='ocrx_word' id='word_1_293' title='bbox 595 2593 630 2629; x_wconf 86' lang='lat' dir='ltr'>Si</span> <span class='ocrx_word' id='word_1_294' title='bbox 668 2595 724 2630; x_wconf 90' lang='lat' dir='ltr'>Pr.</span> <span class='ocrx_word' id='word_1_295' title='bbox 762 2593 1001 2641; x_wconf 84' lang='lat' dir='ltr'>microcarpa</span> <span class='ocrx_word' id='word_1_296' title='bbox 1044 2591 1211 2639; x_wconf 73' lang='lat' dir='ltr'>legitima</span> <span class='ocrx_word' id='word_1_297' title='bbox 1252 2590 1402 2638; x_wconf 73' lang='lat' dir='ltr'>generis</span> <span class='ocrx_word' id='word_1_298' title='bbox 1434 2589 1581 2637; x_wconf 83' lang='lat' dir='ltr'>species</span> <span class='ocrx_word' id='word_1_299' title='bbox 1611 2589 1671 2638; x_wconf 86' lang='lat' dir='ltr'>sit,</span> <span class='ocrx_word' id='word_1_300' title='bbox 1703 2600 1822 2635; x_wconf 65' lang='lat' dir='ltr'>genus</span> 
     </span>
     <span class='ocr_line' id='line_1_38' title="bbox 284 2656 1822 2709; baseline -0.002 -14"><span class='ocrx_word' id='word_1_301' title='bbox 284 2659 330 2695; x_wconf 86' lang='lat' dir='ltr'>ad</span> <span class='ocrx_word' id='word_1_302' title='bbox 362 2660 646 2708; x_wconf 80' lang='lat' dir='ltr'>Grateloupiam</span> <span class='ocrx_word' id='word_1_303' title='bbox 691 2660 865 2709; x_wconf 84' lang='lat' dir='ltr'>proxime</span> <span class='ocrx_word' id='word_1_304' title='bbox 910 2671 999 2697; x_wconf 86' lang='lat' dir='ltr'>sane</span> <span class='ocrx_word' id='word_1_305' title='bbox 1045 2659 1204 2709; x_wconf 84' lang='lat' dir='ltr'>accedit,</span> <span class='ocrx_word' id='word_1_306' title='bbox 1253 2658 1323 2694; x_wconf 81' lang='lat' dir='ltr'>levi</span> <span class='ocrx_word' id='word_1_307' title='bbox 1369 2659 1564 2694; x_wconf 75' lang='lat' dir='ltr'>structurae</span> <span class='ocrx_word' id='word_1_308' title='bbox 1610 2656 1822 2694; x_wconf 81' lang='lat' dir='ltr'>differentia</span> 
     </span>
     <span class='ocr_line' id='line_1_39' title="bbox 286 2724 1823 2772; baseline -0.001 -11"><span class='ocrx_word' id='word_1_309' title='bbox 286 2726 488 2764; x_wconf 76' lang='lat' dir='ltr'>divorsum.</span> <span class='ocrx_word' id='word_1_310' title='bbox 556 2730 749 2765; x_wconf 75' lang='lat' dir='ltr'>structura</span> <span class='ocrx_word' id='word_1_311' title='bbox 789 2727 936 2764; x_wconf 81' lang='lat' dir='ltr'>frondis</span> <span class='ocrx_word' id='word_1_312' title='bbox 973 2727 1190 2765; x_wconf 82' lang='lat' dir='ltr'>affinitatem</span> <span class='ocrx_word' id='word_1_313' title='bbox 1232 2736 1318 2762; x_wconf 88' lang='lat' dir='ltr'>cum</span> <span class='ocrx_word' id='word_1_314' title='bbox 1359 2724 1625 2772; x_wconf 70' lang='lat' dir='ltr'>Cryptoncmia</span> <span class='ocrx_word' id='word_1_315' title='bbox 1656 2726 1693 2760; x_wconf 83' lang='lat' dir='ltr'>et</span> <span class='ocrx_word' id='word_1_316' title='bbox 1722 2724 1823 2769; x_wconf 53' lang='grc' dir='ltr'>ΤΙΝ-</span> 
     </span>
     <span class='ocr_line' id='line_1_40' title="bbox 286 2791 1822 2844; baseline -0.001 -17"><span class='ocrx_word' id='word_1_317' title='bbox 286 2793 500 2830; x_wconf 80' lang='lat' dir='ltr'>sanocladia</span> <span class='ocrx_word' id='word_1_318' title='bbox 550 2795 701 2844; x_wconf 85' lang='lat' dir='ltr'>indicat,</span> <span class='ocrx_word' id='word_1_319' title='bbox 746 2796 1018 2844; x_wconf 77' lang='lat' dir='ltr'>spbaerosporae</span> <span class='ocrx_word' id='word_1_320' title='bbox 1064 2805 1154 2831; x_wconf 85' lang='lat' dir='ltr'>vcro</span> <span class='ocrx_word' id='word_1_321' title='bbox 1200 2793 1299 2829; x_wconf 90' lang='lat' dir='ltr'>illius</span> <span class='ocrx_word' id='word_1_322' title='bbox 1331 2795 1367 2829; x_wconf 90' lang='lat' dir='ltr'>et</span> <span class='ocrx_word' id='word_1_323' title='bbox 1398 2792 1631 2840; x_wconf 64' lang='lat' dir='ltr'>cystocarpia</span> <span class='ocrx_word' id='word_1_324' title='bbox 1662 2791 1771 2837; x_wconf 85' lang='lat' dir='ltr'>hujus</span> <span class='ocrx_word' id='word_1_325' title='bbox 1801 2802 1822 2827; x_wconf 85' lang='lat' dir='ltr'>a</span> 
     </span>
     <span class='ocr_line' id='line_1_41' title="bbox 287 2858 1698 2913; baseline -0.001 -18"><span class='ocrx_word' id='word_1_326' title='bbox 287 2860 469 2898; x_wconf 88' lang='lat' dir='ltr'>fructibus</span> <span class='ocrx_word' id='word_1_327' title='bbox 502 2862 732 2913; x_wconf 85' lang='lat' dir='ltr'>l&#39;rionitidis,</span> <span class='ocrx_word' id='word_1_328' title='bbox 764 2863 895 2912; x_wconf 82' lang='lat' dir='ltr'>quales</span> <span class='ocrx_word' id='word_1_329' title='bbox 924 2862 1097 2910; x_wconf 76' lang='lat' dir='ltr'>cognitos</span> <span class='ocrx_word' id='word_1_330' title='bbox 1129 2860 1324 2911; x_wconf 76' lang='lat' dir='ltr'>babemus,</span> <span class='ocrx_word' id='word_1_331' title='bbox 1356 2859 1470 2908; x_wconf 70' lang='lat' dir='ltr'>longe</span> <span class='ocrx_word' id='word_1_332' title='bbox 1502 2858 1698 2898; x_wconf 83' lang='lat' dir='ltr'>recedunt.</span> 
     </span>
    </p>
   </div>
  </div>
 </body>
</html>
