1907 3004
76 54 282 102 Prionilis.
695 62 982 110 Cm’r'roxcimffi.
1516 74 1536 114 1
1547 74 1603 116 91

169 188 342 222 Gelidium
369 189 603 224 crassisolium
630 192 724 226 I'ost.
753 196 785 228 et
809 194 917 239 liupr.
945 206 1053 231 mser.
1079 199 1169 242 (non
1195 198 1314 242 Grev.)

187 259 276 297 llab.
308 260 345 297 in
377 261 470 298 mari
502 264 791 310 septentrionali
826 267 925 305 inter
953 270 1074 308 Asiam
1107 273 1143 308 et
1173 271 1383 311 Amerinam
1414 274 1604 313 Rossicam

73 326 260 374 (Expedit.
292 327 477 364 Liitkeana
492 328 518 376 l)

161 401 268 435 Frons
296 402 566 444 3—4pollicaris
605 409 639 438 et
676 407 793 442 forsan
820 411 939 455 major,
967 413 1203 459 substipitata,
1230 416 1347 450 soliolo
1377 427 1502 461 nempe
1527 420 1603 461 pri-

71 461 179 493 mario
217 462 409 502 angustiori
451 465 486 495 et
522 465 730 499 incrassato.
782 468 830 500 Ex
857 472 957 511 parte
984 471 1085 514 liujus
1114 476 1298 516 superiore
1324 476 1396 509 fere
1422 478 1602 519 palmatiin

70 522 199 553 exeunt
224 521 341 562 pinna·
367 522 542 562 primariae
571 522 671 566 405,
699 527 1019 572 sesquipollicares,
1046 530 1122 563 basi
1150 532 1252 573 longe
1279 535 1600 579 attenuatm‚S11pra

69 577 221 609 medium
262 578 351 609 2-3
378 578 487 612 lineas
525 581 616 624 latre,
654 591 778 615 versus
818 587 955 626 apicem
993 589 1190 622 truncatum
1232 593 1358 625 iterum
1392 597 1599 635 augustaeae.

65 631 183 667 l’innze
210 636 430 669 secundariae
457 639 635 680 praecipue
661 642 798 680 apicem
824 651 946 675 versus
973 645 1218 685 primariorum
1246 648 1378 693 densze,
1405 653 1512 684 multo
1536 661 1599 685 an-

65 693 251 736 gustiores,
279 694 335 726 vix
372 695 498 728 lineam
536 697 627 740 latae,
665 698 740 730 basi
780 699 882 740 longe
920 703 1128 746 attenuatae,
1156 705 1259 737 nudae
1286 709 1346 739 aut
1372 710 1597 750 sparsissime

65 750 304 796 denticulatze,
330 761 434 794 supra
461 754 616 788 medium
640 757 843 798 pinnulatae,
869 759 1023 799 pinnulis
1052 760 1108 794 hic
1135 761 1206 794 illic
1227 766 1439 809 aggregatis,
1455 767 1598 800 alternis

63 810 123 840 aut
159 809 405 854 subsecundis,
443 812 852 847 lanceolata—linearibus
892 816 1088 850 subacutis.
1151 818 1325 854 Denticuli
1365 832 1461 865 saepe
1487 834 1594 866 supra

61 864 183 898 basem
211 868 442 900 incrassatam
471 869 665 902 mamillati.
714 870 814 903 Color
841 871 1060 909 luscescens.
1111 875 1315 911 Substantia
1341 881 1514 913 coriacea.

153 922 415 958 Ramificatione
429 934 508 958 cum
537 927 748 968 quibusdam
774 928 895 964 formis
922 931 1125 976 Callibleph.
1147 934 1281 976 jubatae
1307 937 1354 969 ita
1382 941 1597 973 convenitut

59 979 196 1013 iconem
234 981 378 1016 Turneri
416 982 517 1024 (Ταῦ.
545 985 586 1017 70
611 982 666 1028 fiy.
692 984 745 1028 s.)
784 988 828 1020 ad
866 992 987 1022 nostra
1024 994 1212 1032 praesentis
1239 995 1373 1035 speciei
1401 998 1593 1038 specimina

58 1037 229 1072 calcatam
254 1039 356 1074 facile
381 1043 545 1084 fingeres.
595 1044 678 1078 Tota
706 1046 822 1078 autem
859 1048 978 1090 planta
1016 1051 1131 1096 plana,
1170 1053 1205 1084 et
1242 1054 1418 1086 structura
1456 1054 1594 1089 Prioni-

56 1096 150 1130 tidis.

149 1155 361 1202 Specimina‚
390 1169 469 1202 quae
495 1169 540 1194 ex
565 1161 734 1196 Herbario
771 1165 972 1200 Academiae
1010 1166 1280 1210 I'etropolitanae
1317 1171 1450 1215 accepi,
1477 1173 1594 1205 nomi-

55 1222 99 1246 ne
126 1224 231 1257 supra
257 1216 359 1249 allato
388 1219 558 1260 inscripta
583 1219 741 1265 suerunt3
765 1222 920 1264 plantam
948 1234 1028 1258 vero
1056 1227 1090 1258 in
1117 1235 1225 1268 opere
1249 1229 1422 1270 praeclaro
1449 1231 1592 1272 Algolo-

55 1279 182 1316 gorum-
202 1273 336 1308 Rossiae
362 1274 491 1309 frustra
517 1280 677 1320 quaesivi.

54 1396 192 1437 8.P1i?
223 1395 357 1439 CRlNiTA
390 1399 496 1452 (Gm.
531 1405 627 1444 Fue.
662 1416 702 1454 p.
747 1405 839 1456 460)
883 1409 1020 1448 fronde
1062 1423 1280 1464 compressa
1322 1416 1455 1454 lineari
1498 1428 1589 1466 vage

163 1466 656 1523 dicliotomo-subpinnata,
695 1476 902 1522 segmentis
938 1489 1088 1516 sursum
1119 1481 1261 1519 sensim
1294 1484 1588 1536 angustioribus,

160 1536 332 1582 margine
374 1540 412 1573 et
449 1538 555 1576 disco
594 1540 728 1588 phyllis
759 1543 1012 1583 teretiusculis
1045 1547 1229 1597 elongatis
1260 1550 1415 1589 demum
1446 1553 1588 1601 pinna-

159 1599 226 1637 tim
258 1604 417 1642 ramosis
448 1605 567 1644 dense
599 1608 736 1646 obsito.

140 1686 255 1721 Fucus
282 1692 428 1725 crinitus
456 1691 530 1726 Gm.
558 1694 578 1728 l.
606 1705 635 1730 c.
663 1695 732 1730 tab.
759 1696 890 1732 XVIII.
912 1698 968 1745 fiq.
996 1702 1032 1735 2!
1064 1701 1168 1737 Turn.
1195 1703 1282 1738 Hist.
1309 1705 1378 1742 tab.
1408 1708 1489 1742 4231
1525 1708 1584 1753 Aq.

48 1741 132 1778 Dec.
158 1744 230 1790 Alq.
257 1746 278 1779 I
300 1758 334 1781 η.
362 1750 411 1783 51!

140 1802 419 1846 Sphaerococcus
457 1811 603 1845 crinitus
642 1811 701 1857 Ay.
726 1823 776 1858 sp.
799 1825 834 1858 p.
861 1817 928 1850 275
954 1820 988 1852 εί
1011 1818 1102 1864 Sysl.
1125 1831 1161 1865 p.
1188 1821 1268 1857 224.
1294 1823 1388 1859 Post.
1416 1828 1450 1861 el
1473 1826 1584 1872 liupr.

45 1858 158 1895 Illusl.
179 1873 217 1906 p.
245 1866 304 1898 47!
655 1904 658 1906 .

138 1919 310 1955 Gelidium
336 1926 500 1960 crinitum
525 1927 628 1962 Kntz.
654 1940 706 1974 sp.
729 1941 765 1975 p.
794 1933 877 1967 7661

153 1991 242 2032 Hab.
273 1993 314 2031 in
342 1997 438 2034 mari
467 2000 744 2039 Kamtsc-liatico
779 2005 1003 2055 (Tilesiusl)

133 2065 244 2102 Radix
282 2074 431 2105 scutata.
490 2073 646 2110 Frondes
686 2081 933 2126 semipedales,
967 2082 1044 2117 basi
1083 2087 1333 2134 teretiusculae,
1372 2099 1454 2125 mox
1481 2102 1582 2126 com-

41 2129 176 2164 pressae
214 2129 249 2160 et
285 2128 357 2161 fere
393 2131 520 2177 planae,
560 2134 840 2182 decompositaef
865 2142 1120 2178 ramificationo
1159 2147 1250 2180 inter
1283 2147 1519 2182 dichotomam
1547 2153 1582 2183 et

41 2182 221 2222 pinnatam
246 2186 464 2222 intermedia.
515 2191 703 2232 Segmenta
728 2197 884 2243 linearia,
920 2201 1083 2236 inferiora
1110 2206 1201 2238 2-3
1227 2206 1337 2241 lineas
1363 2209 1442 2252 lata,
1469 2219 1580 2250 snpe-

43 2239 134 2271 riora
173 2243 305 2275 sensim
344 2249 558 2292 angustiora,
592 2251 776 2292 juventute
814 2258 908 2290 nuda
934 2262 969 2292 et
994 2262 1191 2296 evidentius
1218 2265 1430 2310 dichotoma,
1457 2267 1578 2299 habitu

42 2294 115 2327 sere
141 2296 304 2344 Chondri‚
339 2303 509 2337 adultiora
544 2308 633 2341 ciliis
660 2310 768 2344 dense
795 2314 921 2360 obsita,
949 2319 1050 2359 apice
1075 2321 1181 2354 immo
1209 2332 1303 2365 saepe
1330 2326 1366 2357 in
1392 2327 1470 2359 cilia
1496 2328 1578 2369 pin-

40 2356 122 2386 nata
159 2356 284 2390 soluta.
346 2359 430 2393 Cilia
468 2363 567 2396 initio
603 2368 830 2403 teretiuscula
868 2376 903 2406 et
939 2376 1123 2420 simplicia,
1157 2382 1289 2413 sensim
1327 2384 1438 2423 magis
1478 2393 1577 2416 com—

38 2419 162 2452 pressa
189 2416 223 2446 et
247 2419 439 2456 segmentis
466 2420 670 2467 conformia,
699 2425 838 2460 demum
874 2431 1045 2470 pinnatim
1072 2434 1194 2479 divisa,
1221 2446 1239 2469 a
1268 2441 1425 2480 margine
1452 2443 1486 2473 et
1512 2443 1577 2475 ali-

39 2472 178 2512 quando
205 2482 222 2505 a
250 2474 349 2507 disco
387 2477 632 2518 prolificantia.
695 2482 796 2517 Color
830 2486 981 2522 obscure
1016 2499 1226 2538 purpureus,
1254 2486 1493 2531 exsiccatione
1520 2501 1576 2533 ni-

39 2534 219 2566 grescens.
282 2531 486 2567 Substantia
524 2539 697 2572 coriacea.
755 2542 983 2587 Cystocarpia
1009 2551 1044 2580 in
1071 2550 1160 2584 ciliis
1186 2553 1408 2595 simplicibus
1434 2557 1573 2601 intlatis,

39 2589 383 2625 ovato-mucronatis
410 2595 588 2628 immersa.

126 2648 151 2678 A
179 2649 356 2688 prioribus
395 2651 517 2684 habitu
559 2655 645 2687 satis
685 2656 834 2691 diversa.
896 2661 1080 2698 Structura
1117 2665 1190 2700 sere
1230 2668 1369 2713 eadem3
1404 2671 1438 2704 in
1473 2673 1572 2707 caule

38 2703 173 2738 cellulae
199 2708 395 2741 rotundatae
429 2711 520 2742 inter
545 2712 601 2744 sila
626 2716 726 2748 strati
752 2718 941 2764 interioris,
968 2723 1003 2754 et
1028 2722 1151 2756 horum
1178 2727 1325 2760 reticulo
1352 2730 1479 2763 cinctae
1506 2732 1572 2764 ob-

36 2761 190 2796 veniunt.
250 2764 338 2798 Vera
369 2766 477 2808 *hujus
515 2772 647 2810 speciei
687 2773 851 2820 affinitas,
890 2776 1063 2814 fructibus
1098 2782 1239 2828 ignotis,
1264 2786 1322 2819 vix
1349 2786 1570 2830 dijudicatur.

36 2817 161 2855 Habitu
187 2831 267 2857 cum
293 2824 570 2868 Thysanocladia
596 2839 720 2873 parum
746 2838 922 2871 convenit.
