1907 3004
271 65 291 103 1
304 65 329 104 7
338 64 363 103 S
896 55 1185 98 CRrrTONEuEAE.
1520 55 1802 114 Graleloupz'a.

266 192 441 243 pinnatis.
500 193 525 228 A
556 189 662 227 disco
695 188 849 227 radicali
880 190 1108 238 plerumque
1153 189 1332 239 gregat-iac
1364 191 1606 239 proveniunt.
1665 192 1802 230 Colore

266 260 785 307 violaceo-purpurascente,
829 257 1085 294 exsiccatione
1123 257 1160 294 in
1199 258 1447 296 atroviridem
1477 270 1575 307 saepc
1609 258 1804 308 tendente,

263 328 492 375 plerumque
524 327 721 362 ornantur.

376 395 538 430 Stratum
584 392 743 429 interius
787 391 936 429 frondis
982 391 1051 429 filis
1096 392 1314 443 articulatis,
1360 392 1728 431 anastomosantibus
1768 396 1805 431 et

263 459 488 510 intertextis,
528 460 628 498 varia
665 460 880 497 directione
913 460 1215 511 excurrentibus,
1245 461 1420 509 plurimis
1452 460 1805 511 longitudinalibus,

264 530 483 564 contextum
515 530 581 564 est.
641 527 713 564 Fila
745 527 985 575 periplierica
1017 527 1206 565 verticalia
1238 527 1525 578 monilisormia,
1556 528 1803 565 dicliotomo-

262 594 460 644 fastigiata,
491 594 659 631 articulis
690 594 937 631 inferioribus
969 595 1351 633 anastomosantibns.

373 665 530 699 Fructus
567 661 717 710 duplex.
785 662 940 699 Favellae
977 662 1183 710 aliquando
1222 663 1350 711 plnres
1387 662 1670 713 adproximatae,
1701 674 1803 700 nunc

262 742 413 780 sparsae,
455 729 581 767 frondi
627 729 829 779 immersae,
874 730 912 766 in
956 733 1072 766 strato
1113 730 1304 767 exteriore
1351 734 1527 767 excavato
1573 731 1802 780 nidulantes,

262 800 401 838 nucleo
447 797 608 846 simplici
654 797 823 845 oblongo
871 800 1102 835 constantes.
1175 797 1392 836 Membrana
1436 798 1580 845 liyalina
1623 798 1802 835 nucleum

261 867 390 917 ambit,
436 866 473 903 in
518 865 690 914 plurimis
736 868 865 902 tamen
904 876 1039 914 parum
1076 866 1293 914 conspicua.
1355 866 1564 904 Gemmidia
1596 878 1802 904 numerosa

261 934 475 984 rotundatu,
507 933 613 970 nullo
646 933 728 970 sere
761 933 899 970 ordine
932 932 1180 982 conglobat33
1211 933 1367 970 demum
1398 945 1467 982 per
1498 934 1668 971 canalem
1698 933 1801 970 strati

262 1001 463 1038 exterioris
510 1001 657 1038 emissa.
728 1002 890 1039 Nuclcns
935 1000 1043 1037 acido
1083 1002 1286 1049 superfuso
1317 1001 1515 1050 distentus,
1547 1001 1750 1049 gemmidia
1781 1012 1802 1038 a

259 1070 472 1118 placentula
517 1068 658 1105 inclusa
698 1067 881 1105 radiantia
920 1071 957 1104 et
993 1067 1308 1105 monilisormiter
1346 1068 1574 1106 cohaerentia
1605 1072 1800 1106 monstrat.

259 1136 538 1184 Spliaerosporae
570 1134 669 1171 inter
699 1135 757 1172 sila
788 1134 1062 1172 monilisormia
1091 1135 1195 1172 strati
1226 1134 1426 1173 exteri0ris
1444 1135 1672 1186 nidulantes,
1691 1147 1802 1184 spar-

259 1214 321 1254 sae,
353 1202 549 1239 cruciatim
581 1201 721 1239 divisae.

370 1272 510 1320 Genus,
547 1270 658 1317 quale
697 1269 743 1306 ab
780 1269 966 1317 Agardliio
999 1269 1209 1320 conditum,
1241 1269 1450 1318 Cliaetangia
1482 1269 1666 1308 nonnulla
1698 1280 1801 1318 quo-

256 1351 333 1389 que
379 1337 716 1387 complectebatur.
789 1337 952 1375 Greville
997 1341 1140 1375 Fucum
1185 1338 1476 1375 verruculosum
1514 1337 1665 1388 adjecit,
1696 1340 1801 1374 stru·
1842 1323 1844 1325 ¹

258 1411 362 1444 ctura
394 1406 540 1444 frondis
572 1405 669 1443 baud
700 1416 835 1454 parum
868 1405 1176 1455 convenientem,
1208 1405 1482 1454 spliaerosporis
1512 1416 1604 1443 vero
1636 1405 1802 1443 zonatim

257 1474 406 1525 divisis,
452 1474 666 1523 pericarpio
712 1477 885 1523 externo,
931 1473 1137 1522 nucleique
1184 1476 1370 1510 structura
1416 1472 1547 1510 intima
1585 1476 1639 1510 sat
1669 1472 1800 1509 diver-

257 1552 352 1580 sum.
413 1545 509 1593 Ipse,
556 1542 832 1591 spliaerosporis
878 1542 988 1589 liujtis
1026 1541 1169 1590 speciei
1208 1541 1381 1578 nondum
1412 1540 1574 1589 cognitis
1606 1544 1644 1577 et
1674 1540 1800 1577 nuclei

256 1611 474 1648 diversitate
519 1610 694 1648 nondum
725 1612 912 1660 suspecta,
942 1610 1113 1658 speciem
1155 1609 1363 1657 genuinam
1394 1609 1547 1656 generis
1579 1606 1801 1645 existimavi.

255 1678 424 1728 Ktitzing,
470 1677 535 1726 qui
580 1678 742 1715 eandem
787 1677 894 1725 quasi
926 1677 1089 1726 typicam
1120 1676 1306 1728 depinxit,
1353 1677 1564 1725 Cliactangia
1594 1676 1693 1714 bene
1725 1675 1800 1713 eli-

255 1746 424 1796 minavit,
463 1750 500 1783 et
536 1745 708 1783 Iridaeam
751 1744 938 1795 Cutleriae,
981 1755 1094 1792 quam
1133 1748 1265 1793 postea
1305 1743 1475 1794 exclusit,
1505 1743 1542 1780 in
1574 1744 1698 1792 primo
1731 1754 1800 1780 suo

255 1825 374 1862 opere
405 1813 623 1850 introduxit.
685 1815 768 1861 lpse
799 1813 895 1849 hane
925 1812 1095 1860 speciem
1128 1811 1318 1859 aliamque
1343 1811 1556 1860 proximam
1576 1814 1800 1859 Capensem,

256 1882 408 1928 generis
446 1880 594 1930 proprii
632 1883 739 1928 typos
782 1879 1006 1929 existimavi,
1037 1879 1140 1927 quod
1172 1879 1210 1916 in
1241 1882 1317 1917 Act.
1349 1880 1469 1916 Ilolm.
1506 1876 1608 1916 4847
1641 1877 1799 1915 nomine

253 1947 516 1995 Pliyllymeniae
559 1948 756 1997 descripsi.
832 1948 964 1985 Habitu
997 1958 1075 1985 non
1106 1958 1241 1996 parum
1272 1947 1475 1997 abludunt3
1508 1957 1641 1985 revera
1672 1949 1799 1983 autem

254 2015 476 2053 ramilicatio
508 2015 545 2053 in
577 2015 632 2052 his
664 2015 812 2064 eadem,
844 2018 881 2051 et
911 2017 1107 2052 structurae
1141 2014 1354 2052 differentia
1386 2016 1467 2052 sere
1498 2015 1610 2051 nulla.

365 2086 445 2127 Quo
489 2082 607 2120 modo
653 2081 901 2119 constitutum
941 2084 998 2119 est
1043 2093 1175 2132 genus,
1218 2082 1514 2130 Scliizymeniam
1557 2079 1798 2129 potissimum

253 2150 383 2197 tangit,
416 2150 538 2187 fructu
571 2149 652 2186 sere
684 2150 721 2186 in
752 2153 917 2198 utroque
949 2160 1093 2197 genere
1122 2149 1302 2189 identico.
1334 2153 1525 2188 structura
1545 2155 1669 2188 antem
1690 2152 1799 2188 tron-

253 2216 310 2253 dis
353 2217 597 2265 Grateloupia
635 2218 714 2254 sere
752 2218 873 2265 magis
903 2217 948 2253 ad
981 2216 1151 2254 lridaeam
1182 2217 1479 2266 adproximatur.
1512 2221 1661 2257 Cellulre
1692 2219 1796 2256 inte-

252 2284 375 2321 riores
408 2283 445 2320 in
479 2285 681 2321 reticulum
711 2285 849 2322 eodem
882 2285 997 2323 modo
1031 2285 1337 2323 anastomosibus
1370 2287 1669 2336 conjunguntur,
1699 2289 1798 2323 atta-

252 2362 340 2388 men
395 2351 596 2388 reticulum
650 2352 901 2400 Grateloupiae
954 2351 1080 2389 minus
1125 2352 1274 2403 laxum,
1320 2353 1543 2401 firmiusque
1589 2354 1795 2391 cohaerens.

251 2420 450 2469 Polyopes,
488 2422 676 2457 structura
723 2419 870 2457 frondis
915 2420 1182 2470 conveniente,
1227 2421 1409 2458 nucleum
1453 2419 1675 2468 cystocarpii
1720 2419 1794 2456 alio

251 2485 369 2522 modo
401 2489 542 2533 ortum,
573 2487 831 2536 peridermate
862 2487 1012 2535 hyalino
1043 2487 1279 2539 destitutum,
1311 2489 1418 2537 gerit.

307 2607 331 2644 Ι.
363 2610 701 2646 Cuoxnnornmeu.
732 2607 891 2649 Fronde
922 2607 1155 2649 ‹licholoma
1185 2609 1349 2659 lineari,
1380 2611 1656 2660 cystocaipiis
1687 2611 1730 2651 2⁴12

471 2674 602 2714 medio
634 2679 941 2725 seqneenlorum
964 2677 1295 2727 penulle'morum
1324 2678 1573 2727 awreyalc's.

256 2747 287 2789 4.
318 2754 379 2789 Gn.
415 2750 708 2804 D1C110T031A[J.
748 2756 814 2803 Aa.
862 2756 948 2804 Aly.
993 2756 1090 2794 med.
1131 2767 1168 2804 p.
1220 2755 1314 2802 403)
1362 2756 1498 2794 fronde
1545 2767 1791 2807 compresso-

362 2819 473 2867 plana
511 2820 644 2859 lineari
685 2821 1134 2872 dichotomo-sastigiata,
1178 2823 1463 2872 segmentisque
1505 2825 1678 2874 pluribus
1719 2824 1791 2863 ad-
