1907 3004
230 71 323 113 318
870 62 1118 105 GioARrixEAE.
1417 60 1450 103 G
1451 71 1766 118 ymnoqonqrus.

233 202 264 240 t.
296 204 337 238 G.
368 205 604 237 rt'acetmrus
651 196 737 243 (Ay.
782 205 842 242 sp.
885 207 921 243 p.
968 194 1067 243 253)
1110 195 1245 234 fronde
1285 195 1480 244 esespitosa
1518 205 1767 243 compresso-

339 268 447 316 plana
488 263 924 311 dicliotomo-sastigiata
964 267 1002 301 et
1043 275 1141 313 saepe
1185 264 1420 302 secundatiin
1451 262 1646 312 prolisera,
1676 273 1768 309 seg-

339 332 480 369 mentis
525 334 684 380 anguste
730 331 953 382 linearibuS,
985 332 1230 382 eystocarpiis
1260 332 1298 370 in
1328 331 1464 369 fronde
1497 331 1641 370 nodosa
1673 342 1768 380 pro-

339 399 573 438 minentibus
603 411 703 449 saepe
734 399 833 437 binis
864 399 1065 449 oppositis.

323 478 604 521 Sphaerocoeous
644 475 848 509 farcen-atus
887 474 946 519 Ay.
985 475 1006 509 l.
1046 486 1076 510 c.
1104 475 1196 520 Sysc.
1219 486 1255 520 p.
1281 478 1359 510 247.
1386 475 1497 510 Mont.
1523 474 1574 510 Fl.
1600 472 1712 509 Boliv.
1734 484 1770 518 p.

229 537 291 571 ⁵26!
323 535 424 570 lsz'tcz.
450 545 502 579 sp.
524 545 560 578 p.
588 533 670 568 737!

236 607 323 646 Var.
357 621 394 646 α.
426 605 651 656 sarcellata
698 605 836 644 fronde
881 605 1109 654 regulariter
1153 606 1605 657 dieliotomo-sastigiata,
1649 604 1769 644 axillis

341 674 566 713 rotundatis.

323 753 408 795 Sph.
435 750 640 786 turcellatus
670 759 740 783 var.
769 751 882 784 minor
909 750 968 795 Ay.
995 750 1016 784 l.
1043 761 1074 785 c.

237 823 326 864 Γαῖ’.
356 823 401 876 β.
431 821 636 872 prole'fera
668 821 807 859 fronde
838 821 1058 860 dieiiotoma
1088 835 1108 860 a
1139 823 1311 872 margine
1343 824 1538 874 prolisera,
1579 821 1774 872 prolifica-

341 890 510 928 tionibus
540 890 830 929 subsecundatis
862 891 1048 939 elongatis
1080 891 1321 929 dieliotomis.

325 966 408 1009 Sph.
435 967 638 1001 sureellatus
668 966 726 1010 Ay.
752 967 772 1000 l.
799 977 831 1000 c.

236 1038 327 1076 Var.
358 1038 414 1092 γ’.)
443 1043 590 1087 patens
622 1038 758 1076 fronde
789 1037 1036 1086 irregularius
1075 1038 1384 1090 di-trieliotoma,
1422 1040 1630 1088 segmentis
1660 1041 1775 1078 elon-

345 1106 438 1154 gatis
469 1105 828 1154 subdivergentibus
859 1105 1051 1143 stibulatis.

325 1182 509 1216 Chondrus
536 1183 662 1224 patens
688 1180 793 1214 Subr.
821 1190 930 1215 mser.

325 1241 508 1274 Chondrus
535 1240 738 1273 suroellatus
763 1238 870 1273 Salar.
897 1241 1074 1282 (partim).

237 1312 325 1352 Var.
365 1308 400 1351 ὃ.
442 1311 694 1361 fasciculam
739 1311 878 1350 fronde
918 1311 1113 1363 fastigiata,
1143 1312 1351 1360 segmentis
1386 1311 1775 1351 infra-terminalibus

343 1379 655 1418 subsaseieulatis.

327 1458 519 1492 Gracilaria
546 1457 724 1498 fastigiata
747 1455 852 1490 Sultr.
880 1465 989 1491 mser.

341 1529 430 1568 llab.
462 1529 506 1567 ad
539 1541 625 1568 oras
656 1529 848 1568 Cliilenses
886 1527 1131 1577 Peruviaeque
1169 1528 1305 1566 oceani
1350 1528 1497 1579 pacifici
1530 1527 1789 1575 (Humboldtlv

231 1597 342 1636 Ilerb.
374 1597 469 1635 Sulir
482 1597 522 1645 l).

325 1675 480 1717 Formas,
520 1673 642 1716 quales
681 1673 764 1705 mihi
804 1672 1042 1716 obvenerunt,
1083 1676 1304 1718 enumeravi,
1343 1674 1435 1707 haud
1474 1676 1592 1709 certus
1633 1674 1776 1708 easdem

232 1742 354 1767 revera
381 1733 424 1766 ad
451 1741 556 1766 unam
583 1732 802 1774 eandemque
831 1732 988 1773 speeiem
1015 1733 1204 1774 pertinere,
1229 1740 1295 1764 neo
1322 1733 1365 1766 de
1391 1734 1509 1765 valore
1532 1733 1776 1766 characterum

233 1792 275 1824 ab
304 1790 470 1824 affinibus
498 1791 790 1831 distinguentium
816 1791 882 1822 rite
910 1790 1071 1823 edoctus.
1122 1790 1199 1822 Var.
1226 1801 1260 1822 α.
1288 1793 1342 1824 est
1367 1791 1484 1833 planta
1512 1792 1636 1834 minor,
1663 1790 1776 1822 ς.)--3-

232 1849 424 1892 pollicaris,
451 1857 470 1880 a
497 1847 572 1880 basi
601 1848 644 1880 ad
671 1848 807 1889 apicem
847 1849 996 1889 repetite
1036 1847 1247 1891 dichotoma,
1274 1850 1469 1889 segmentis
1495 1848 1626 1891 ubique
1653 1857 1776 1890 {equa-

231 1907 324 1940 libus
351 1906 523 1949 angustis,
551 1905 772 1938 latitudinem
797 1905 900 1937 linere
916 1904 1007 1937 haud
1024 1905 1290 1948 attingentibus,
1308 1906 1421 1938 axillis
1438 1907 1549 1947 magis
1566 1907 1774 1949 rotundatis,

232 1964 466 2007 cystooarpiis
504 1963 703 2004 saepissime
743 1963 931 2003 geminatis
971 1964 1156 2005 oppositis,
1183 1965 1282 1996 extra
1310 1963 1470 1996 frondem
1499 1965 1614 1997 minus
1639 1965 1775 2006 promi-

232 2023 410 2056 nentibus.
459 2021 537 2056 Var.
572 2024 606 2062 β.
639 2023 694 2053 est
719 2022 834 2063 typica
861 2021 980 2062 planta
1006 2021 1183 2064 Agardhii,
1211 2023 1351 2054 eaeteris
1379 2022 1488 2054 multo
1516 2022 1636 2065 major,
1662 2023 1775 2055 5-6-

231 2082 408 2123 pollicaris
437 2083 472 2113 et
497 2081 642 2113 densius
670 2081 776 2111 ramis
804 2079 930 2112 obsita.
981 2079 1076 2112 Rami
1105 2080 1261 2122 primarii
1289 2081 1404 2123 pauci,
1433 2081 1573 2113 unciam
1589 2080 1773 2123 distantes,

233 2139 372 2171 demum
400 2137 641 2180 subpinnatim
667 2139 701 2171 in
729 2138 819 2171 latus
847 2138 987 2181 dejecti,
1014 2146 1121 2179 supra
1147 2137 1248 2170 basin
1275 2138 1378 2179 longa
1406 2140 1496 2171 serie
1511 2141 1775 2180 segmentorum

233 2205 251 2229 a
290 2197 445 2237 margine
483 2195 757 2239 prolificantium
796 2197 929 2239 ornati,
976 2197 1078 2239 apice
1118 2196 1214 2230 velut
1250 2197 1527 2238 proliticationes
1567 2197 1774 2231 dichotomi.

232 2254 328 2287 Hane
354 2254 500 2287 sormam
528 2256 662 2288 tantum
688 2256 845 2288 sterilem
873 2256 954 2288 vidi.
1004 2255 1081 2288 Var.
1109 2267 1142 2298 y.
1171 2257 1225 2289 est
1250 2256 1369 2297 planta
1396 2257 1519 2300 minor,
1536 2257 1648 2289 minus
1665 2256 1775 2289 denso

232 2314 431 2347 (liohotoma
471 2316 506 2347 et
545 2316 778 2357 oystocarpiis
818 2317 856 2348 ut
892 2314 1031 2348 videtur
1070 2314 1174 2357 quam
1208 2315 1242 2346 in
1281 2325 1315 2346 α.
1342 2315 1453 2355 magis
1479 2313 1773 2356 prominentibus.
1795 2346 1802 2354 ,

232 2371 314 2405 llaeo
342 2372 384 2405 ad
412 2372 449 2405 G.
478 2372 734 2414 disciplinalem
773 2373 960 2406 transitum
998 2372 1117 2405 forsan
1156 2372 1277 2405 efficit.
1340 2372 1400 2404 Cli.
1439 2371 1644 2405 suroellatus
1670 2371 1772 2404 Herb.

233 2431 332 2464 Sulir.
371 2433 499 2473 partim
536 2431 579 2464 ad
617 2431 707 2464 hano
747 2430 905 2474 sormam,
931 2432 1059 2473 partim
1087 2431 1130 2464 ad
1156 2431 1421 2473 Cliuoosporam
1446 2432 1611 2472 pertinet.
1637 2449 1682 2454 —
1708 2429 1773 2462 Var

232 2486 263 2521 ὁ.
292 2490 443 2532 denique
482 2490 515 2522 in
555 2498 595 2522 oo
634 2491 769 2522 tautum
808 2498 826 2522 a
865 2491 1008 2522 cii-teris
1046 2489 1173 2532 differt,
1214 2491 1252 2522 ut
1277 2491 1458 2529 segmenta
1484 2489 1676 2530 penultima
1703 2488 1774 2519 sint

233 2548 332 2580 valde
359 2549 567 2590 prolongata
593 2549 628 2580 et
653 2547 696 2579 ali
724 2547 847 2580 eodem
874 2550 1005 2588 puncto
1038 2548 1137 2589 plura
1171 2549 1391 2589 proveniant.
1419 2565 1463 2570 —
1491 2546 1623 2579 Forma}
1650 2554 1772 2579 omnes

233 2608 315 2637 sunt
341 2607 698 2650 compresso-planae,
725 2609 760 2639 et
785 2606 993 2639 madefactae
1021 2606 1111 2638 lianc
1138 2605 1284 2638 sormam
1312 2606 1506 2638 servantes.

328 2674 474 2713 Qualem
513 2675 602 2709 hano
641 2675 917 2718 comprehendo,
957 2676 1097 2717 species
1135 2676 1255 2706 nostra
1288 2682 1307 2706 a
1340 2674 1377 2707 G.
1408 2672 1627 2706 verniioulari
1656 2671 1773 2704 differt

235 2728 356 2763 fronde
383 2732 498 2776 plana,
526 2741 590 2766 nec
616 2742 685 2766 non
713 2734 937 2775 capsularum
965 2733 1209 2774 dispositione,
1237 2741 1315 2773 quae
1330 2730 1635 2773 saepissimeliina*
1656 2737 1772 2770 oppo-

235 2789 324 2831 sitw,
362 2789 548 2832 aliquando
587 2792 706 2832 plures
733 2792 1001 2835 adproximatae,
1027 2791 1086 2824 vix
1113 2792 1230 2823 tamon
1257 2797 1421 2832 umquam
1448 2789 1494 2820 ita
1523 2787 1770 2827 agglomeratus

235 2853 275 2877 ao
311 2847 345 2879 in
383 2846 420 2881 G.
458 2850 693 2883 vermiculari.
731 2850 758 2883 A
797 2850 837 2885 G.
877 2849 1089 2892 disciplinali
1127 2848 1322 2890 segmentis
1360 2846 1492 2889 ubique
1519 2845 1710 2879 linearibus
1737 2846 1773 2878 et

1895 2448 1907 2530 nnn—-
1899 2387 1907 2430 a..
