1907 3004
273 81 299 121 2
308 81 367 121 66
916 73 1163 118 GlGARTmEAE.
1571 74 1808 135 quartime.

271 213 413 253 pianum
451 215 572 240 revera
612 214 779 249 expansa,
814 205 878 239 sed
905 206 996 238 torta
1023 208 1058 238 et
1084 210 1272 248 aggregata
1298 216 1583 251 quoquoversum
1609 211 1807 252 spectantia

270 270 442 309 xidentur,
482 265 697 307 ramulisque
735 264 983 297 inchoantibus
1022 264 1201 309 brevibus,
1227 276 1246 299 a
1272 266 1347 299 basi
1383 267 1450 300 lata
1479 268 1700 312 acuminatis,
1727 277 1807 301 cer-

270 327 427 358 xieornia
468 326 502 356 et
538 323 727 357 horridula.
789 324 892 357 Color
929 324 1201 359 atrox-{vescens
1261 325 1467 359 Substantia
1506 327 1697 361 exsiccata>
1726 336 1807 361 car-

271 386 447 426 lilaginea.

363 442 509 485 Species
538 452 556 475 a
583 452 637 476 me
663 451 787 485 parum
815 443 966 485 cognito,
1008 441 1214 482 fragmentis
1239 444 1372 476 tantum
1399 444 1684 486 suppetentibus.
1734 445 1806 478 IIo-

270 512 346 535 rum
374 502 539 534 nonnulla
572 511 653 535 cum
686 501 919 544 speciminulo
947 501 1149 534 authentico
1177 510 1194 535 a
1221 511 1277 535 me
1304 504 1377 536 viso
1406 503 1560 536 identica
1587 504 1705 537 credo¹
1754 506 1805 538 Ad

270 562 308 595 G.
335 562 496 596 Lessonii
523 561 640 596 forsan
667 562 814 596 nimium
841 560 991 594 accedit.

301 720 402 754 We&
432 721 592 765 Fronde
623 721 1023 775 compresso-plana
1053 721 1206 767 lineari
1229 723 1444 772 pinnate'm
1474 721 1766 774 decomposita,

811 792 957 842 pinnis
989 791 1256 831 fraterninati&
1701 789 1705 795 “

269 895 304 934 6.
349 899 428 935 Gic.
474 904 628 933 FALCATA
676 895 850 942 [Herinq
895 897 1034 941 mser.)
1082 893 1219 932 fronde
1265 894 1628 943 compresso-plana
1674 894 1808 932 lineari

377 963 563 1012 pinnatim
610 962 895 1012 decomposita,
938 962 1109 1011 apicibus
1155 961 1409 999 teretiuseulis
1454 962 1568 1009 longe
1614 961 1808 1010 productis

376 1030 603 1068 acutissimiS
635 1029 760 1080 nudis,
790 1029 916 1078 pinnis
948 1029 1193 1078 pinnulisque
1223 1029 1406 1078 distichis,
1439 1031 1807 1078 recurvato-puton-

378 1098 544 1148 tissimis,
576 1097 824 1146 eystocarpiis
855 1097 893 1134 in
925 1097 1080 1146 pinnula
1112 1108 1212 1146 saepe
1244 1096 1428 1146 pluribus.

361 1175 642 1216 Spbaerococcus
669 1174 817 1207 falcatus
846 1172 981 1217 Herinq
1006 1182 1114 1207 mser.

362 1234 542 1275 Gigartina
568 1241 774 1276 compressa
800 1231 902 1265 Jl'z‘ilz.
931 1231 1069 1275 Phycol.
1093 1242 1129 1275 p.
1160 1232 1236 1265 403.
1264 1230 1320 1275 Sp.
1349 1230 1420 1275 Alq.
1442 1241 1478 1275 p.
1506 1231 1597 1265 750?

376 1306 463 1343 Ilab.
496 1306 531 1343 in
565 1316 712 1343 oceano
742 1304 922 1342 atlantico
954 1304 1000 1341 ad
1034 1303 1165 1341 Biaritz
1199 1303 1286 1350 (Hb.
1318 1305 1538 1349 Martensl).

358 1382 468 1416 Frons
502 1383 743 1425 2—3poliices
779 1383 847 1415 alta
880 1382 1081 1425 coespitosa,
1109 1381 1393 1424 quadripinnata.
1445 1381 1617 1415 Racbides
1644 1383 1808 1426 utrinque

266 1444 467 1485 attenuatae,
494 1442 569 1475 basi
597 1442 776 1484 paululum
804 1443 1012 1484 angustatze,
1040 1442 1141 1483 apice
1167 1441 1373 1481 longissime
1401 1442 1433 1474 in
1451 1450 1597 1474 acumen
1612 1443 1806 1486 productae,

266 1501 380 1534 medio
419 1501 534 1543 planae
561 1500 650 1532 ultra
689 1500 817 1532 lineam
855 1500 948 1532 latae.
1012 1498 1131 1532 Pinnae
1171 1498 1343 1541 disticbae,
1378 1499 1477 1541 juxta
1504 1500 1625 1533 basem
1654 1501 1806 1535 rachidis

264 1560 463 1602 pauciores,
490 1558 604 1591 medio
631 1558 802 1601 plurimae,
831 1566 985 1599 superne
1011 1558 1128 1600 nullae,
1156 1558 1256 1599 apice
1282 1558 1465 1591 racliidum
1491 1559 1524 1591 in
1541 1567 1690 1592 acumen
1707 1561 1808 1593 elon-

265 1621 384 1659 gatum
422 1618 553 1650 nudum
592 1616 666 1649 sere
704 1617 972 1649 teretiusculum
1009 1625 1107 1658 saepe
1145 1625 1330 1649 recurvum
1369 1618 1588 1651 continuato.
1652 1616 1806 1651 pinnula:

265 1676 554 1717 simpliciusculae
594 1676 666 1709 fere
705 1678 848 1720 teretes,
885 1676 1040 1718 pinnatae
1079 1677 1363 1718 comprimuntur
1389 1677 1424 1709 et
1449 1677 1629 1710 rachidem
1655 1676 1808 1710 offerunt

263 1735 461 1775 pinnarum.
523 1734 751 1777 Cystocarpia
789 1735 823 1767 iu
860 1734 1016 1776 pinnulis
1055 1734 1296 1768 tcretiusculis
1335 1735 1412 1777 sita,
1451 1736 1511 1768 aut
1547 1730 1634 1768 infra
1669 1735 1807 1777 apicem

265 1794 488 1825 recurvatum
524 1794 692 1836 solitaria,
731 1795 791 1826 aut
829 1793 906 1833 ipsa
945 1793 1153 1835 terminalia,
1194 1795 1253 1825 aut
1290 1794 1325 1826 in
1365 1793 1488 1826 eadem
1523 1795 1668 1835 pinnula
1693 1795 1804 1837 plura,

266 1850 402 1883 sessilia
430 1852 490 1883 aut
514 1850 736 1892 pedicellata.
787 1849 890 1882 Color
915 1857 1342 1892 carneo-purpurascenS.
1395 1850 1598 1883 Substantia
1624 1850 1697 1884 sere
1724 1860 1804 1884 car-

265 1909 442 1949 tilagiuea.

358 1968 441 2000 Hzec
480 1967 591 2000 forma
626 1968 746 2010 plures
785 1968 870 2000 alias
909 1968 1050 2009 species
1076 1967 1181 2000 simul
1209 1968 1329 2008 tangit.
1381 1967 1655 2001 Ramificationis
1682 1977 1804 2002 norma

265 2026 308 2058 ad
347 2025 422 2066 Gig.
461 2025 579 2059 Teedii
618 2027 766 2070 accedit,
807 2026 1039 2059 consistentia
1078 2026 1264 2070 crassiore,
1304 2026 1464 2068 apicibus
1492 2027 1672 2061 rachidum
1699 2030 1803 2061 nudis·

265 2085 502 2118 teretiusculis
534 2087 570 2118 et
602 2087 675 2118 toto
702 2085 822 2118 babitu
850 2085 1000 2118 diversa.
1050 2084 1172 2118 Utrum
1199 2086 1237 2118 G.
1265 2086 1456 2130 pistillatoe,
1486 2094 1564 2119 cum
1591 2096 1659 2129 qua
1684 2087 1802 2127 pinnis

264 2142 425 2175 distichis
465 2142 653 2176 fructiferis
685 2145 723 2176 et
757 2144 824 2176 situ
860 2143 1164 2185 cystocarpiorum
1190 2144 1246 2175 sat
1270 2143 1361 2176 bene
1387 2146 1564 2187 convenit,
1592 2153 1634 2177 an
1662 2144 1700 2177 G.
1727 2146 1803 2177 aci-

264 2202 384 2245 rulari,
417 2202 516 2244 eujus
552 2203 704 2236 ramulos
730 2202 912 2236 subulatos
939 2204 1059 2244 apices
1086 2202 1268 2236 rachidum
1295 2206 1329 2237 et
1354 2205 1509 2246 pinnulse
1537 2204 1690 2237 minores
1717 2205 1802 2238 inire

262 2259 428 2303 referunt,
455 2261 573 2302 potius
600 2264 834 2306 comparetur,
863 2262 997 2295 dubito.

263 2382 297 2425 7.
330 2389 370 2425 G.
403 2390 525 2425 'l'iiiflnu
560 2387 687 2434 (Roth.
719 2386 804 2426 Cae.
835 2388 898 2426 III
919 2401 957 2438 p.
995 2390 1089 2438 408)
1123 2392 1260 2430 fronde
1291 2394 1400 2442 plana
1439 2392 1574 2430 lineari
1618 2391 1801 2441 pinnalim

373 2456 649 2508 decomposita,
680 2457 807 2506 pinnis
837 2458 1083 2507 pinnulisque
1115 2459 1283 2497 distichis
1316 2459 1585 2509 patentissimis
1613 2460 1676 2494 aut
1706 2457 1800 2494 sub-

372 2523 685 2576 }iorizontnlibus,
727 2525 919 2563 sterilibus
961 2526 1319 2579 linear-i-subulatis,
1352 2527 1537 2565 fertilibus
1568 2524 1797 2572 cystocarpia

373 2590 417 2626 ad
463 2592 654 2639 margines
699 2593 926 2641 plerumque
976 2594 1141 2631 solitaria
1188 2597 1251 2631 aut
1290 2605 1406 2643 pauca
1439 2591 1670 2642 gerentibus,
1701 2592 1798 2629 soi-is

373 2658 721 2707 spineiosporarum
768 2660 978 2698 rotundatis
1029 2661 1184 2699 demum
1236 2661 1462 2709 linearibus,
1512 2659 1673 2708 margini
1725 2659 1797 2697 ad-

374 2725 605 2771 proximati&

358 2799 553 2834 Cei-nmium
579 2801 696 2835 Teedii
722 2801 822 2836 Roth.
851 2803 871 2837 l.
899 2815 929 2837 c.
956 2804 1024 2839 [ab.
1052 2805 1089 2838 4!

358 2856 535 2898 Gigartina
561 2859 678 2893 Teedii
705 2858 875 2895 Lamour.
903 2862 981 2896 Jiss.
1004 2873 1039 2906 p.
1071 2863 1112 2896 40
1138 2862 1207 2897 lab.
1235 2862 1254 2896 4-
1277 2860 1333 2907 fiq.
1363 2862 1426 2896 114?
1455 2861 1561 2896 llarv.
1578 2861 1718 2906 Many).
1736 2863 1794 2897 75!
