1907 3004
80 81 412 125 Calliclmmm'on.
747 83 955 123 Cannium-2.
1554 85 1581 123 2
1595 86 1609 124 1

173 212 255 245 Call.
283 211 437 244 variabili
466 212 526 251 Ag.
554 210 723 243 affinitate
750 213 786 244 ut
812 212 948 244 videtur
973 212 1183 254 proximum,
1210 212 1615 253 ramiticationeirregu-

79 271 158 312 lari,
185 270 326 302 ramulis
353 271 484 311 saepius
511 270 683 311 oppositis
711 272 936 312 conveniens,
963 272 998 302 at
1024 270 1129 311 duplo
1157 272 1324 314 crassius,
1340 273 1374 303 et
1388 272 1613 304 articulorum

79 328 187 361 forma
215 328 402 360 diversum.
429 328 465 359 A.
492 327 527 359 C.
554 327 700 360 barbato
728 329 953 362 articulorum
979 328 1089 361 forma
1116 337 1256 370 quoque
1284 329 1523 368 dignoscatur.

269 530 405 562 *affl-3⁴
435 531 638 582 Repentes
670 533 868 581 majores,
901 531 1094 572 articulis
1125 531 1412 583 cylinclracee's.

83 657 141 697 44.
172 661 209 696 C.
240 665 421 695 ROSEOLUM
453 654 548 705 (Ay.
580 656 644 703 Sp.
677 654 761 702 Alq.
803 655 852 692 II.
893 666 930 702 p.
982 654 1077 699 482)
1122 656 1185 693 lilo
1230 656 1411 705 primario
1458 662 1616 707 reponte

124 726 128 731 '
189 724 394 772 radicanto,
433 722 666 759 secundm-iis
697 721 834 758 erectis
876 731 965 767 vage
998 722 1157 758 ramosis
1185 722 1472 771 decompositis‚
1504 724 1616 761 ramis

190 789 405 839 patentibus
449 789 509 825 liic
553 789 628 825 illio
669 787 856 836 oppositis
900 787 1036 836 saepius
1068 788 1222 825 alternis
1253 790 1489 840 secundisve,
1519 792 1616 828 :irti-

189 858 283 895 culis
326 855 497 903 4—8plo
539 855 727 892 diametro
769 854 1006 902 longioribus
1045 855 1306 905 cylindraceis,
1343 856 1616 905 sphaerosporis

190 923 373 961 interiore
405 924 522 960 latere
553 922 798 971 pinnularum
829 921 1137 968 subpedicellatis
1169 922 1312 972 paucis,
1341 923 1498 960 [avellis.
1527 954 1534 961 .

171 1011 304 1044 Callith.
333 1011 508 1043 roseolum
536 1009 592 1053 Ay.
620 1010 641 1042 l.
667 1020 698 1043 c.
725 1007 825 1041 Ii'zilz.
853 1018 904 1051 sp.
926 1018 962 1052 p.
990 1009 1072 1042 642!

169 1067 305 1101 Callith.
331 1077 458 1110 repens
486 1066 612 1111 Lynyb.
640 1070 673 1100 el
705 1069 804 1101 Auct.
831 1068 1012 1109 (partimi)

170 1126 497 1168 spermothamnion
524 1125 667 1158 Turneri
695 1124 838 1158 Aresclz.
866 1124 992 1158 Enum.
1013 1135 1050 1168 p.
1080 1126 1155 1157 143.

170 1184 308 1217 Exsioc.
333 1183 480 1217 Aresclz.
505 1183 633 1217 Scand.
659 1182 726 1216 N.·0
756 1184 811 1217 30.

189 1267 274 1304 [lab.
308 1266 344 1303 in
375 1268 464 1306 Sinu
497 1267 652 1305 Codano
694 1267 738 1302 ad
778 1266 867 1303 alias
911 1267 1010 1314 algas
1057 1266 1273 1316 parasitica,
1318 1266 1363 1303 :ul
1409 1268 1615 1315 llelgolan-

77 1335 177 1372 diam
210 1334 407 1382 (Binderl)

171 1421 314 1464 Caespes
341 1422 448 1455 dense
475 1423 677 1465 investiens,
713 1421 899 1464 aliquando
935 1422 1022 1455 ultra
1047 1421 1238 1464 pollicaris,
1265 1425 1397 1465 saepius
1424 1426 1614 1470 pollioni-is,

78 1489 97 1512 e
124 1488 252 1512 carneo
278 1489 413 1513 roseus.
474 1479 545 1512 Fila
572 1481 736 1522 primaria
768 1482 937 1522 repentia,
969 1480 1179 1512 secundaria
1212 1484 1341 1525 erecta,
1377 1485 1614 1518 strictiuscula

79 1540 139 1571 aut
177 1539 362 1580 aliquando
404 1539 576 1580 intricata,
609 1546 695 1578 vage
732 1539 982 1570 ramosissima.
1046 1538 1140 1570 Rami
1179 1540 1373 1581 ramulique
1415 1541 1616 1575 conformes

77 1598 240 1638 patentes
280 1597 430 1636 elongati
468 1596 639 1636 longeque
681 1596 869 1628 acuminati
897 1596 1038 1627 omnino
1064 1597 1154 1638 vagi,
1183 1595 1213 1628 in
1241 1596 1407 1630 inferiore
1433 1602 1532 1641 parto
1558 1599 1616 1631 hio

77 1655 147 1687 illic
190 1655 353 1696 oppositi,
392 1655 424 1685 in
464 1655 646 1695 superiore
685 1654 806 1686 alterni
846 1656 906 1686 aut
931 1663 1028 1695 saepe
1056 1655 1382 1698 secundati,10nge
1409 1655 1615 1697 plerumque

78 1713 262 1745 distantes.
324 1711 356 1743 ln
390 1713 532 1743 ramulis
566 1711 631 1753 his,
657 1712 824 1744 interiore
851 1712 970 1754 latere,
997 1713 1209 1753 proveniunt
1241 1712 1510 1755 sphaerosporoe,
1537 1713 1617 1754 ple-

77 1779 225 1812 rumque
250 1770 284 1801 in
311 1769 454 1801 ramello
481 1770 771 1809 paueiarticuiato
800 1770 1001 1802 terminales
1030 1771 1065 1801 et
1090 1770 1269 1813 solitariae,
1297 1779 1389 1803 nunc
1417 1773 1450 1804 in
1473 1771 1615 1804 ramello

78 1828 226 1868 geminae
263 1828 321 1858 aut
358 1828 466 1858 ternae
506 1827 668 1859 introrsae
707 1829 742 1859 et
781 1828 940 1860 sessiles.
996 1827 1141 1860 Articuli
1167 1827 1381 1869 cylindracei
1408 1829 1615 1871 plerumque

76 1885 258 1928 praelongi,
286 1884 436 1926 4-8p10
463 1884 632 1918 diametro
659 1885 847 1925 longiores

170 1942 302 1975 Praeter
340 1942 607 1984 sphaerosporas
645 1942 843 1983 descriptas
882 1942 1075 1975 obveniunt
1114 1943 1166 1984 (in
1207 1943 1284 1976 aliis
1317 1943 1616 1985 speciminibus‘?)

78 2002 167 2034 intra
195 2001 349 2033 ramulos
375 2000 464 2032 6-8
491 2001 752 2033 involucrantes
779 2003 956 2043 incurvos,
983 2000 1114 2040 globuli
1143 2000 1375 2042 subsphaerici
1394 2002 1617 2034 numerosis-

77 2059 168 2100 simi,
205 2058 312 2090 limbo
344 2058 462 2102 cincti,
497 2058 756 2101 sphaerosporis
789 2058 992 2091 subsimiles
1032 2059 1092 2099 (an
1120 2058 1259 2091 demum
1289 2059 1444 2099 divis-N).
1496 2060 1616 2094 Utrum

79 2115 220 2148 ramulis
258 2116 557 2149 involucrantibus
601 2125 721 2149 revera
760 2116 924 2159 insidant,
963 2126 1005 2149 an
1046 2118 1079 2149 in
1119 2118 1219 2158 apice
1259 2118 1356 2161 rami,
1397 2118 1617 2152 involucrum

79 2172 233 2216 serentis,
267 2182 311 2206 ex
342 2175 517 2207 communi
551 2176 649 2216 quasi
683 2176 834 2216 gelatina
868 2177 1080 2218 emergeant,
1109 2175 1302 2217 dijudicare
1329 2186 1513 2220 nequeam.
1562 2180 1614 2212 Al)

80 2230 366 2271 Areschougiolii
393 2232 527 2266 fructus
554 2233 688 2266 favellis
717 2234 853 2275 analogi
881 2235 1168 2277 considerantur,
1194 2235 1289 2278 mihi,
1316 2235 1396 2267 olim
1411 2237 1508 2268 vivos
1529 2245 1616 2269 exa-

81 2289 238 2329 minanti,
275 2289 530 2330 sphaerosporae
570 2291 820 2334 adp-aruerunt,
881 2291 1091 2325 Consimilcs
1130 2294 1271 2325 omnino
1298 2294 1332 2324 in
1359 2294 1615 2334 speciminibus

80 2345 115 2378 C.
142 2345 285 2378 Turncri
312 2355 330 2378 a
362 2347 507 2380 Borrero
545 2357 589 2380 ex
626 2349 748 2388 Anglia
786 2350 903 2382 missis
941 2350 1145 2392 obveniunt,
1178 2351 1235 2392 qui
1264 2350 1306 2381 ab
1333 2349 1506 2390 Agardhio
1535 2351 1614 2393 (Sp.

80 2403 154 2443 Alg.
192 2411 225 2443 p.
267 2403 348 2440 460)
388 2403 521 2436 savellae
561 2405 866 2438 existimabantur.
927 2407 1025 2440 Verae
1058 2410 1173 2440 autem
1211 2407 1345 2440 savenae
1384 2407 1616 2452 sec.11urvey

80 2460 201 2503 (Phyc.
227 2461 308 2494 Brit.
335 2461 405 2495 tab.
434 2462 497 2493 479
524 2462 581 2502 sig.
608 2463 645 2503 6)
673 2464 706 2495 in
732 2462 767 2495 C.
793 2463 937 2496 Tui-neri
964 2465 1103 2497 adsunt.

173 2518 208 2552 C.
236 2528 363 2560 repens
398 2520 526 2563 Lyngb.
559 2523 593 2552 et
624 2522 722 2553 Auct.
757 2522 998 2554 scandinaviae
1027 2526 1081 2554 ost
1105 2531 1187 2563 pars
1215 2523 1329 2554 infima
1357 2523 1486 2556 sterilis
1513 2524 1614 2566 hujus

80 2577 223 2618 speciei.
276 2577 384 2611 Simili
413 2579 515 2611 modo
543 2578 577 2610 C.
607 2587 735 2619 repens
763 2580 952 2619 Anglorum
980 2582 1034 2612 ost
1060 2589 1141 2621 pars
1168 2580 1282 2612 infima
1310 2581 1439 2614 sterilis
1465 2581 1499 2614 C.
1527 2582 1615 2615 Tur-

80 2634 167 2666 neri.
228 2634 380 2677 Utraque
420 2637 571 2678 species,
612 2637 644 2668 in
672 2638 763 2668 statu
804 2636 894 2668 bene
936 2637 1086 2679 evoluto,
1124 2638 1200 2669 sine
1239 2637 1344 2670 dubio
1383 2639 1489 2671 altera
1516 2640 1614 2672 alteri

81 2694 238 2733 proxima
284 2695 319 2726 et
354 2694 510 2736 analoga,
554 2695 610 2725 vix
648 2694 812 2726 identica.
860 2693 911 2726 Ab
937 2694 1175 2735 Aresohougio
1203 2696 1349 2738 utraque
1376 2696 1612 2738 conjungitur.

81 2748 206 2782 Verum
231 2750 267 2782 C.
293 2751 437 2784 Turneri
467 2760 509 2784 ex
537 2751 607 2783 oris
635 2750 880 2785 Soandinaviae
909 2752 1060 2784 nondum
1089 2752 1170 2785 vidi.
