1907 3004
75 55 288 117 Polyopes.
719 56 964 101 Gicanrixffi.
1510 60 1535 100 2
1544 60 1602 100 39

74 188 456 239 anastomosantibus,
496 190 708 226 extrorsum
748 189 784 226 iu
825 190 882 227 fila
913 190 1150 239 periplierica
1181 189 1361 227 arcuatim
1393 200 1604 227 excurren-

76 258 184 296 tibus.
244 258 317 295 Fila
347 256 584 305 periplierica
615 256 840 294 densissima
871 258 1076 307 verticuli-a,
1108 258 1253 295 cellulis
1285 256 1497 294 rotundatis
1514 268 1603 294 mo-

74 324 318 362 nililormiter
347 323 493 361 seriatis
523 323 748 374 constantia,
778 334 891 360 muco
924 324 1179 361 solidescente
1211 324 1423 371 conjuncta.

185 390 382 428 Favellidia
422 389 548 427 frondi
588 390 747 428 omniuo
780 390 971 440 immersa,
1004 391 1117 428 certis
1147 390 1240 428 locis
1272 391 1354 439 plus
1385 391 1510 429 miuus
1542 392 1606 430 iu-

74 456 371 494 tumescentibus
401 460 612 504 aggregata.
672 460 813 506 Cryptae
846 458 987 494 fertiles
1020 457 1115 494 infra
1146 460 1301 494 stratum
1323 459 1605 507 periphericum

75 527 278 574 excavatae,
323 535 391 573 per
435 524 606 560 canalem
652 523 890 574 elongatum²
934 523 1201 561 secedentibus
1245 524 1314 560 tilis
1358 525 1607 574 periplicricis

72 591 291 641 formatum,
320 601 406 627 cum
439 591 577 628 ostiolo
609 592 836 639 superficiali
870 591 1207 628 communicantes.
1240 593 1401 630 Nucleus
1433 593 1605 644 simplex,

73 658 449 696 semi-ambientibus
481 658 550 695 tilis
582 659 686 695 strati
718 658 914 695 interioris
944 668 1163 706 suspensus,
1193 658 1462 708 pyramidatus,
1493 670 1605 706 gem-

71 724 188 762 midia
230 726 265 762 in
303 725 415 774 plexu
455 726 607 763 litorum
638 737 656 762 a
688 729 830 773 puncto
869 736 935 761 seu
968 724 1180 773 placentula
1213 723 1458 762 fasciculatim
1491 738 1606 773 egre-

73 791 258 829 dientium
306 794 474 843 evoluta,
518 792 723 830 admodum
770 792 928 841 minuta,
973 792 1116 828 fovens.
1189 791 1430 829 Nemathecia
1473 803 1492 828 a
1535 793 1603 829 tilis

72 858 311 896 verticalibus
355 859 457 896 strati
503 857 702 895 exterioris
747 859 1019 906 aliquantulum
1064 856 1301 906 prolongatis
1347 858 1519 908 formata,
1568 859 1604 896 in

72 926 276 964 alterutera
306 927 440 975 pagina
471 925 788 964 subcanaliculata
818 926 983 962 maculas
1014 925 1179 961 lineares
1211 925 1604 975 elongatas‚1uargine

71 992 189 1029 sterili
221 993 374 1043 cinctas,
405 993 618 1031 formantia.
676 993 953 1041 Spliaerosporae
985 990 1378 1042 elongato-oblongae,
1409 993 1605 1031 cruciatim

71 1059 211 1109 dixisoe,
242 1060 342 1097 inter
372 1061 432 1099 fila
462 1060 580 1098 dense
611 1060 744 1109 stipata
777 1059 1007 1099 Nematliecii
1040 1059 1271 1096 nidulantes.

181 1128 334 1176 Species
379 1128 504 1178 unica⁷
541 1138 654 1176 quam
692 1127 778 1164 huic
815 1127 948 1175 generi
989 1127 1131 1176 resero,
1162 1125 1289 1174 quoad
1320 1127 1463 1165 fructus
1495 1132 1604 1166 antea

71 1194 131 1232 xix
162 1195 311 1243 cognita
342 1195 425 1232 suit.
483 1198 507 1233 A
539 1198 713 1233 'furnero
745 1195 910 1244 primum
942 1195 1145 1245 descripta,
1179 1195 1279 1232 inter
1309 1195 1604 1242 Spliaerococcos

72 1262 118 1298 ab
148 1263 331 1310 Agardliio
374 1266 610 1312 enumerata,
648 1274 667 1300 a
705 1262 892 1299 Grevilleo
923 1262 969 1299 ad
1000 1262 1219 1300 Chondrum
1250 1263 1377 1313 relata,
1409 1274 1485 1311 quo
1517 1263 1604 1300 loco

73 1340 226 1378 quoque
258 1342 276 1366 a
308 1329 503 1377 Ki'itzingio
535 1330 572 1366 in
605 1329 828 1377 Phycologia
862 1329 991 1366 relicta
1024 1329 1102 1366 suit.
1163 1332 1295 1367 Postea
1328 1329 1364 1365 in
1397 1329 1605 1378 Speciebus

70 1397 242 1444 Algarum
290 1398 384 1434 lianc
428 1396 597 1445 speciem
642 1396 687 1433 ad
733 1396 923 1434 Gelidium
967 1397 1169 1434 transtulit.
1243 1398 1405 1435 Alteram
1434 1398 1603 1447 speciem

71 1463 158 1500 liuic
203 1464 332 1511 generi
378 1466 488 1501 antea
533 1463 801 1514 adnumeravi3
841 1465 917 1501 brec
956 1475 1047 1502 vero
1079 1464 1206 1501 nuclei
1239 1467 1424 1503 structura
1456 1465 1603 1503 diversa

70 1529 185 1567 hodie
215 1530 306 1567 mihi
337 1530 496 1568 videtur.

181 1599 307 1635 Genus
344 1610 435 1636 sane
466 1598 604 1636 eximie
644 1598 877 1650 distinctum,
918 1600 1041 1636 fructu
1081 1603 1244 1648 utroque
1276 1599 1431 1637 eximias
1462 1599 1604 1637 distin-

72 1664 209 1702 ctionis
248 1667 356 1703 notas
394 1665 590 1703 offerente.
651 1669 676 1703 A
707 1667 995 1715 Cryptonemeis
1027 1666 1217 1716 omnibus,
1249 1667 1352 1704 inter
1383 1678 1474 1715 quas
1505 1669 1603 1704 Gra-

70 1733 278 1782 teloupiam
310 1736 347 1771 et
379 1733 628 1772 Prionitidem
665 1737 851 1771 structura
882 1734 1122 1782 potissimum
1153 1735 1361 1784 minutatur,
1392 1733 1605 1772 Favellidiis

71 1800 205 1838 differt.
280 1801 406 1840 Nuclei
452 1812 591 1850 nempe
637 1813 655 1838 a
702 1801 772 1839 filis
816 1801 990 1850 plurimis
1037 1801 1281 1839 fasciculatim
1325 1814 1344 1838 a
1390 1802 1603 1849 placentula

73 1868 355 1915 egredientibus
387 1869 611 1917 formantur,
643 1880 715 1906 nec
747 1869 1004 1917 peridermate
1034 1869 1183 1917 hyalino
1216 1869 1432 1918 cinguntur,
1463 1871 1502 1905 ut
1533 1869 1604 1906 boc

71 1933 110 1971 in
142 1934 347 1982 generibus
378 1936 540 1973 Favellas
571 1935 840 1983 generantibus
871 1935 1031 1973 obtinet.
1101 1939 1125 1973 Α
1157 1935 1395 1984 Grateloupia
1429 1939 1466 1972 et
1495 1936 1605 1973 Prio-

71 2002 190 2040 nitide
221 2002 378 2051 insuper
407 2003 653 2040 nematlieciis
684 2003 818 2041 differt.
877 2004 1071 2050 Acrotylus
1101 2006 1288 2041 structura
1307 2003 1466 2052 frondis,
1481 2003 1606 2051 spliae-

69 2068 318 2117 rosporisque
362 2071 527 2108 zouatim
572 2070 700 2108 divisis
747 2071 843 2108 baud
889 2071 1004 2108 dubie
1049 2071 1231 2109 diversus.
1310 2073 1334 2108 Α
1380 2070 1605 2118 Gigartineis

73 2135 250 2173 omnibus
301 2138 438 2175 nucleo
488 2138 678 2176 Favellidii
723 2139 884 2188 simplici
930 2142 967 2176 et
1011 2139 1267 2188 carp'ostomio
1318 2137 1603 2175 evidentissimo

72 2203 183 2240 facile
213 2204 460 2252 dignoscitur.

77 2333 109 2374 4.
140 2337 222 2374 Pon.
253 2344 484 2375 cossriucrus
516 2337 661 2382 (Turn.
693 2336 792 2375 Hist.
827 2338 922 2375 Fue.
955 2337 1025 2378 III.
1052 2349 1090 2386 p.
1127 2337 1207 2385 li-O).
1239 2337 1273 2375 J.
1298 2339 1363 2386 Ay.
1382 2338 1464 2375 Act.
1485 2336 1604 2376 Holm.

184 2395 341 2451 O'fvers.
379 2401 480 2440 ⁴849
510 2415 548 2452 p.
580 2404 644 2442 86.

164 2490 279 2525 Fucus
307 2491 520 2524 constrictus
551 2489 655 2523 Turn.
682 2490 703 2523 l.
730 2500 758 2523 c.
785 2489 854 2523 tab.
882 2491 977 2524 4521!

167 2547 445 2589 Spliaerococcus
472 2550 686 2581 constrictus
712 2547 769 2592 Ay.
795 2558 846 2591 sp.
873 2548 943 2592 Δίῃ.
969 2549 989 2582 I
1008 2559 1043 2593 p.
1071 2550 1135 2582 252
1163 2551 1196 2583 et
1218 2548 1298 2593 Sysl
1320 2560 1355 2593 p.
1382 2550 1464 2583 ‘2171

167 2606 337 2639 Gelidium
365 2608 595 2640 constrictum
621 2606 723 2640 Ix'ztlz..
749 2616 799 2650 sp.
820 2617 855 2650 p.
882 2608 966 2640 767!

184 2689 270 2727 llab.
303 2690 341 2727 in
370 2690 467 2727 mari
509 2689 661 2727 australi
707 2689 751 2726 ad
797 2689 937 2727 insulas
983 2691 1075 2727 Kent
1118 2702 1239 2739 prope
1285 2693 1325 2729 N.
1370 2688 1605 2728 llollaudiam

77 2755 284 2806 (Brownt),
314 2756 359 2794 ad
391 2760 478 2806 Cap.
511 2757 547 2794 b.
578 2757 664 2806 Spei
696 2756 867 2806 (Lalandl
900 2758 1059 2804 nai-vex!
1092 2759 1232 2807 l'appe!
1266 2758 1328 2797 llb.
1348 2757 1603 2806 Arescliougl)

75 2821 119 2859 ad
150 2823 390 2862 Calisorniam
422 2823 640 2872 (Beechey).
