1907 3004
108 63 459 122 Gymnoqonqrus.
752 60 1000 106 GicAnTmEAE.
1547 63 1641 105 325

216 197 254 234 in
297 195 505 244 segmentis
551 194 814 234 terminalibus
860 195 1047 247 plurimis,
1092 196 1130 234 in
1176 198 1335 245 utraque
1376 197 1511 246 pagina
1547 195 1642 234 sub-

216 263 533 314 prominentibus.

197 341 310 374 Fucus
335 343 461 382 patens
490 339 596 374 Good.
625 343 659 374 et
693 339 840 373 ll'ooder.
867 341 888 374 l.
915 351 946 374 c.

194 399 308 433 Fucus
334 400 472 440 crispus
500 408 571 431 var.
597 399 622 436 ζ.
650 401 775 442 patens
806 398 909 432 Turn.
934 397 1017 442 Syn.
1046 397 1128 433 Fac.
1151 408 1187 443 p.
1215 400 1281 432 ⁶227
1310 401 1343 434 ec
1371 399 1456 434 llisc.
1484 400 1569 437 Fuc.
1593 402 1644 437 IV

97 468 132 501 p.
159 458 201 492 48
228 457 297 491 [ab.
324 459 387 490 ⁶217
413 455 469 501 fiq.
496 467 518 490 a
546 459 685 500 (parum
712 457 1038 498 cliaracteristica)!

195 515 477 557 Spliaerococcus
506 517 643 558 crispus
671 525 741 548 var.
767 518 893 558 patens
921 515 979 559 Ay.
1005 515 1062 559 Sp.
1089 515 1161 559 Alq.
1190 519 1202 549 4
1229 527 1265 559 p.
1292 519 1371 550 2.·39.

194 573 308 607 Fue-us
333 574 584 617 polyniorplius
611 583 681 607 var.
707 572 807 608 Lam.
834 573 928 607 Diss.
952 572 1010 617 [ἲς.
1039 574 1105 607 42⁴?
1130 575 1193 607 ⁶24!
1220 577 1279 608 ⁶2⁹2!

196 633 378 665 Cliondrus
406 633 554 665 celticus
582 631 683 666 Kritz.
710 632 849 675 I’laeycol.
873 642 908 674 p.
937 633 1014 665 309!

196 691 379 725 (Iliondrus
407 692 546 732 crispus
574 700 644 725 var.
671 689 774 724 Il'zttz..
798 689 854 734 Sp.
881 690 951 734 Alq.
974 701 1009 734 p.
1036 690 1116 723 735!
1145 689 1252 724 Harv.
1280 691 1383 734 Phyc.
1409 695 1443 727 et
1467 692 1565 728 Auel.

215 761 301 799 llab.
345 760 384 797 in
430 772 577 799 oceano
620 762 798 799 atlantico
842 761 1014 799 calidiori
1061 761 1105 799 ad
1138 762 1264 800 littora
1296 765 1485 816 Devonise,
1516 768 1641 804 Gallim

99 840 221 878 prope
262 832 438 875 Bayonne
475 829 626 876 (Blyttt)
665 832 702 865 et
739 828 871 866 Biaritz
908 828 1130 877 (Eudressl)
1160 840 1282 878 usque
1314 830 1359 867 ad
1390 832 1511 870 Gades
1544 836 1638 880 (Ca-

99 895 264 939 breral).

191 973 276 1014 Alga
314 968 596 1015 4—6pollicaris,
635 974 762 1006 eximie
801 974 1002 1015 caespitosa,
1036 973 1208 1017 stirpibus
1247 977 1445 1017 numerosis
1485 987 1503 1010 a
1543 978 1640 1013 disco

100 1030 243 1064 radicali
270 1039 425 1074 expanso
451 1031 754 1074 provenientibus,
783 1032 1041 1065 erectiusculis.
1092 1031 1249 1065 Frondes
1273 1032 1446 1074 juveniles
1474 1035 1541 1067 ima
1564 1036 1641 1070 basi

98 1090 348 1133 teretiusculae,
388 1098 471 1122 mox
509 1098 726 1132 compressae
764 1099 895 1123 crassae
936 1093 971 1123 et
1004 1090 1092 1123 intra
1121 1092 1257 1133 apicem
1285 1094 1528 1127 canaliculatae
1554 1096 1642 1128 sub-

98 1148 324 1191 spathulatae3
352 1148 480 1182 adulta}
508 1149 763 1191 caulescentes,
791 1149 926 1181 inferne
954 1150 1204 1192 teretiuseuloe,
1227 1158 1379 1191 superne
1395 1152 1640 1195 complanatae,

98 1206 549 1249 subcaualiculato—planae‚
587 1206 786 1239 substantia
823 1208 955 1240 sensim
995 1208 1186 1250 tenuiores,
1220 1208 1321 1249 apice
1347 1209 1639 1245 membranaceae.

96 1267 313 1299 Ramiticatio
340 1265 617 1306 subregulariter
643 1265 1060 1308 dicliotomo—sastigiata.
1095 1264 1284 1306 Segmenta
1312 1265 1476 1300 inferiora
1504 1277 1639 1302 cunen-

97 1325 311 1367 to-linearia,
350 1323 544 1356 terminalia
584 1325 745 1366 cuneata,
785 1324 884 1364 apice
923 1323 1298 1356 rotundato-truncata
1326 1328 1385 1358 aut
1411 1328 1638 1367 emarginata.

97 1383 325 1426 Cystocarpia
362 1384 397 1415 in
434 1381 487 1413 liis
528 1382 692 1414 immersa
730 1382 784 1414 x‘el
811 1383 976 1424 utrinque
1002 1390 1125 1424 parum
1152 1383 1401 1426 prominentia,
1429 1385 1462 1416 in
1491 1385 1638 1425 singulis

96 1442 288 1481 segmentis
314 1440 463 1482 plurima
491 1439 697 1482 (aliquando
724 1441 813 1473 ultra
841 1441 884 1472 ΞΟ
912 1441 1124 1482 numeravi),
1151 1449 1214 1482 pro
1242 1442 1483 1481 magnitudine
1508 1443 1637 1484 plantae

96 1500 247 1542 minuta,
286 1498 504 1531 semilineam
544 1498 714 1530 diametro
756 1499 813 1530 vix
851 1499 1072 1540 superantia,
1117 1498 1207 1530 intra
1246 1498 1390 1531 cellulas
1429 1500 1638 1533 rotundato-

96 1557 277 1598 angulatas
317 1556 506 1597 gemmidia
542 1558 672 1589 minuta
700 1556 885 1589 rotundata
913 1555 1078 1589 foventia.
1129 1556 1231 1589 Color
1257 1566 1468 1602 purpureus,
1496 1561 1529 1592 in
1558 1560 1638 1592 livi-

97 1618 179 1650 dum
206 1619 266 1650 aut
291 1617 437 1649 viridem
465 1615 626 1648 tendens.

189 1674 336 1717 Species
372 1683 456 1707 sane
495 1674 776 1718 distinctissime,
815 1683 833 1706 a
872 1675 1005 1717 speeie,
1045 1683 1124 1707 cum
1164 1683 1231 1716 qua
1258 1675 1351 1708 illam
1381 1676 1641 1718 conjunxerunt

96 1735 270 1776 auctores,
311 1741 431 1766 revera
471 1733 579 1766 multo
618 1734 729 1774 magis
757 1734 895 1765 dixersa
924 1742 1027 1775 quam
1055 1741 1073 1765 a
1100 1733 1138 1765 G.
1166 1735 1365 1777 norvegico,
1392 1735 1477 1768 licet
1504 1736 1547 1767 ab
1574 1736 1639 1768 hac

96 1790 235 1823 facilius
264 1791 513 1831 distinguatur.
566 1792 594 1823 A
627 1790 868 1831 Goodenougb
894 1793 929 1824 et
955 1790 1165 1823 Woodward
1185 1790 1258 1832 jam
1285 1791 1463 1836 distincta,
1491 1793 1640 1827 charac-

96 1854 169 1884 tere
185 1859 203 1883 a
219 1848 340 1883 fronde
357 1849 589 1882 canaliculata
606 1850 729 1892 petito,
747 1858 764 1882 a
781 1848 935 1881 Turnero
952 1848 995 1881 ad
1010 1848 1044 1881 F.
1071 1850 1226 1891 crispum
1254 1849 1374 1893 relata,
1403 1850 1525 1883 eodem
1553 1852 1640 1884 cba-

96 1910 231 1941 ractere
257 1910 372 1941 tamen
399 1908 566 1950 indicato,
594 1917 611 1940 a
638 1907 823 1948 K'utzingio
851 1907 965 1940 denuo
994 1907 1172 1950 distincta,
1200 1907 1264 1940 sed
1288 1908 1380 1940 male
1405 1910 1496 1942 inter
1522 1910 1639 1944 Chou—

96 1968 177 2000 dros
205 1969 345 2009 recepta
374 1968 409 1998 et
434 1964 524 1999 du'ce
551 1966 707 2008 llarveyo
735 1967 768 1998 in
797 1967 1042 1999 recentissimo
1069 1974 1175 2008 opere
1201 1967 1328 1999 iterum
1350 1966 1638 2010 eume.cris·1-›o

95 2025 293 2069 conjuncta,
335 2024 429 2067 quod
467 2033 550 2057 sane
592 2025 789 2057 mirandum
823 2033 929 2067 quum
957 2034 1027 2057 non
1055 2027 1189 2057 tantum
1217 2026 1431 2057 structuram
1463 2026 1639 2059 diversam

95 2084 286 2125 descripsit
321 2084 384 2116 sed
422 2084 527 2115 etiarn
566 2082 701 2116 fructus
730 2082 827 2116 vidit.
879 2083 1108 2126 Cystocarpia
1134 2091 1255 2115 revera
1284 2085 1319 2116 et
1345 2083 1578 2124 dispositione
1605 2086 1640 2116 et

94 2140 299 2182 adparentia
338 2141 477 2182 (relicta
515 2150 656 2184 quoque
695 2143 873 2174 structura
913 2142 1068 2181 diversa)
1109 2143 1178 2174 tam
1217 2142 1320 2181 longe
1355 2150 1373 2173 a
1398 2141 1491 2175 Fuco
1520 2143 1637 2184 crispo

95 2198 276 2241 recedunt,
316 2201 351 2232 et
391 2200 438 2231 ita
475 2199 517 2232 ad
544 2208 694 2240 unguem
723 2207 802 2232 cum
829 2200 1067 2242 Cystocarpiis
1094 2198 1177 2232 Fuci
1205 2201 1383 2240 norvegici
1411 2202 1637 2242 conveniunt,

95 2258 133 2288 ut
158 2256 215 2297 qui
242 2265 406 2297 uniquam
432 2257 494 2290 lias
521 2258 659 2298 plantas
688 2256 885 2289 fructiferas
912 2257 1048 2300 viderit,
1075 2257 1170 2290 illum
1206 2257 1445 2290 diversitatem
1474 2267 1638 2301 compre-

95 2312 260 2355 hendere,
286 2321 434 2345 necesse
461 2314 516 2346 sit.

101 2437 158 2477 ⁴6.
189 2441 230 2477 G.
262 2448 419 2477 LtNEARlS
453 2440 598 2485 [Turn.
630 2440 731 2477 Hisc.
775 2451 812 2478 η.
853 2439 954 2486 220)
999 2441 1135 2478 fronde
1176 2443 1638 2493 subcanaliculato-plana

205 2507 656 2557 dicliotomo-sastigiata,
688 2508 896 2555 segmentis
927 2509 1134 2546 linearibus
1163 2511 1334 2558 margine
1354 2511 1635 2550 subincrassato

205 2574 481 2623 integerrimis,
528 2574 789 2612 terminalibus
835 2575 1054 2612 rotundato·
1072 2576 1218 2614 obtusis
1265 2577 1448 2628 dilatatis,
1498 2589 1636 2616 nema-

206 2641 336 2678 tlieeiis
369 2641 426 2690 [?]
459 2641 700 2690 subglobosis
745 2642 789 2679 ad
836 2653 950 2680 unam
995 2643 1170 2691 paginam
1214 2644 1293 2682 sere
1337 2648 1479 2684 tantum
1512 2646 1635 2685 obve-

207 2708 417 2760 nientibus,
451 2709 605 2746 demum
638 2709 809 2758 plurimis
841 2710 1123 2759 approximatis.

188 2783 303 2817 Fucus
330 2785 473 2818 linearis
505 2785 610 2819 Turn.
637 2786 657 2819 l.
686 2795 715 2818 c.
743 2785 812 2819 cab.
840 2787 932 2819 2203!

190 2839 471 2883 Spliaerococcus
498 2844 639 2877 linearis
668 2843 725 2888 Ay.
751 2853 802 2887 sp.
826 2853 860 2887 p.
887 2845 952 2877 250
980 2845 1012 2878 el
1036 2843 1126 2888 Sysc.
1149 2854 1185 2888 p.
1213 2845 1295 2878 ’2463
