1907 3004
81 59 315 117 quartina.
723 59 971 105 Gmannxae.
1518 68 1607 110 261

187 192 355 231 Frondes
387 194 450 229 aut
480 192 638 231 omnino
671 196 823 242 teretes,
855 196 918 232 aut
948 205 1190 247 compressa),
1222 201 1285 236 aut
1315 198 1474 237 omuino
1493 200 1611 249 plana:

77 261 143 299 scd
182 262 309 298 basem
349 272 477 298 versus
518 262 600 310 plus
640 262 765 299 minus
808 262 1006 301 evidenter
1044 265 1311 316 canaliculatae,
1339 277 1493 315 semper
1523 278 1611 304 car-

75 339 190 378 nosze,
220 330 316 364 statu
349 327 490 365 recenti
523 328 764 377 dui-insenum,
797 330 1052 368 exsiccatione
1084 332 1314 381 plerumque
1346 334 1610 384 cartilagine-w,

76 397 212 433 iterum
249 395 468 433 madefactae
513 407 648 445 aquam
688 397 902 434 aridissime
943 398 1186 448 imbibentes,
1227 400 1261 437 in
1295 400 1495 448 gelatinam
1528 402 1611 438 sol-

74 466 229 512 xuntur3
262 462 536 501 ramilicatione
567 464 647 501 sere
678 465 722 501 ad
755 465 946 514 duplicem
978 469 1104 515 typum
1133 467 1314 517 formata),
1332 468 1411 505 atim
1429 468 1610 506 nimirum

73 533 312 579 dicliotomae,
357 531 437 569 alioe
483 532 656 580 pinnatae.
730 533 893 571 Pinnata}
938 538 1025 570 sunt
1069 534 1232 572 lincares
1279 538 1391 583 atque
1435 535 1610 584 pinnulas

76 599 240 636 offerunt
282 598 432 635 ultimas
478 599 730 650 acuminatas,
775 600 1102 650 simpliciusculas,
1148 602 1302 639 demum
1343 603 1609 651 capsuligeras.

74 666 302 704 llicliotomae
348 669 434 703 sunt
478 666 707 715 plerumque
753 667 904 705 inferne
946 668 1199 706 teretiusculac
1240 674 1278 706 et
1319 682 1490 721 ramosae,
1521 671 1609 708 dein

74 734 156 781 plus
187 733 311 770 minus
343 734 596 771 canaliculatze
629 738 666 771 et
698 735 808 772 ramis
849 735 1004 783 singulis
1036 736 1072 772 in
1106 736 1378 784 expansionem
1411 739 1610 776 soliaceam

72 800 283 849 simplicem
315 804 379 838 aut
406 801 662 838 dicliotomam
696 804 919 852 explanatzc3
958 805 1150 841 nonnullae
1191 803 1416 842 dicliotomae
1448 817 1516 854 per
1547 808 1609 843 to-

72 870 146 904 tam
176 867 453 915 longitudinem
485 869 739 906 canaliculatae
771 872 808 906 et
838 870 1069 908 conformes,
1107 872 1318 922 Nonnullae,
1351 883 1432 919 quse
1463 873 1610 911 steriles

71 935 311 985 dichotomae,
343 946 426 972 cum
460 935 624 984 pinnatis
656 936 693 973 in
725 947 771 973 eo
804 938 1037 974 conveniunt
1062 939 1165 987 quod
1198 938 1402 976 fructiferae
1435 939 1610 988 pinnulas

72 1002 248 1040 emittunt
278 1003 542 1051 capsuligeras.
613 1005 781 1053 Capsuloe
813 1005 850 1042 in
883 1005 1112 1044 dichotomis
1143 1010 1206 1044 aut
1235 1007 1280 1044 ad
1315 1006 1492 1045 frondem
1523 1018 1610 1045 ses-

70 1071 170 1122 siles,
202 1074 265 1108 aut
294 1071 441 1121 papillis
472 1072 637 1122 propriis
668 1084 687 1110 a
720 1073 856 1111 lamina
890 1074 1175 1122 emergentibus
1206 1075 1361 1113 adnatae.

179 1162 308 1200 Stratis
347 1161 496 1200 duobus
533 1165 717 1200 contextae
756 1167 860 1213 sunt;
899 1163 1060 1202 interius
1103 1166 1247 1203 cellulis
1287 1167 1530 1216 multangulis
1571 1168 1609 1207 in

71 1233 271 1270 reticulum
302 1231 419 1270 laxius
451 1231 822 1269 anastomosantibus
853 1235 1017 1282 constat3
1050 1232 1194 1271 cellulae
1227 1233 1262 1271 in
1293 1235 1450 1282 juvenili
1483 1235 1609 1285 plamta

71 1304 108 1337 et
148 1299 316 1348 partibus
354 1300 618 1348 superioribus
662 1303 827 1349 angustie
870 1303 907 1337 et
937 1300 1196 1352 cylindraeeae,
1228 1303 1371 1341 sensim
1402 1305 1608 1354 ampliores

70 1367 233 1405 evadunt
264 1371 301 1404 et
329 1370 486 1405 stratum
518 1367 724 1417 peculiare,
755 1367 899 1405 cellulis
920 1368 1130 1406 rotundatis
1149 1372 1382 1420 contextum,
1407 1372 1607 1410 mentiun-

69 1440 139 1473 tur.
199 1438 364 1473 Stratum
396 1438 594 1473 externum
627 1436 772 1472 cellulis
805 1435 1017 1473 rotundatis
1046 1436 1323 1484 minutissimis,
1357 1438 1395 1476 in
1426 1440 1483 1477 fila
1516 1452 1608 1478 mo-

68 1503 274 1543 nilisormia
306 1503 351 1541 ab
383 1503 569 1541 interiore
602 1504 831 1542 verticaliter
862 1505 1101 1543 excurrentia
1135 1506 1362 1557 conjunctis,
1395 1511 1552 1546 constat.

179 1597 335 1632 Fructus
379 1594 529 1644 duplex.
588 1595 787 1632 Favellidia
827 1596 1011 1633 nucleolis
1043 1597 1227 1648 pluribus,
1258 1598 1430 1646 placenta
1462 1598 1607 1635 reticu-

67 1662 169 1701 latim
203 1662 402 1700 intertexta
434 1663 604 1713 suffultis,
635 1662 672 1699 in
704 1664 883 1701 nucleum
914 1665 1167 1713 compositum
1188 1666 1337 1703 litorum
1356 1665 1608 1704 ambientium

28 1738 31 1739 ’
68 1731 179 1779 plexu
219 1730 418 1768 reticulato
457 1730 665 1767 collibitum
705 1731 998 1782 confluentibus,
1038 1733 1261 1782 constantia,
1306 1733 1399 1770 intra
1433 1734 1606 1781 pericar-

67 1799 173 1847 pium
218 1801 431 1848 externum,
476 1797 621 1835 cellulis
666 1798 814 1836 frondis
860 1799 1108 1838 interioribus
1141 1802 1474 1850 exterioribusque
1506 1814 1606 1840 cou-

67 1866 208 1915 ssatum,
245 1865 353 1913 apice
391 1865 559 1915 denique
603 1877 699 1915 poro
742 1869 862 1916 (saepe
904 1868 1083 1917 obliquo)
1127 1873 1327 1919 pertusum
1366 1874 1605 1920 conservata3

68 1933 270 1981 gemmidia
317 1933 477 1982 plurima
523 1935 945 1986 angulato-rotundata,
991 1937 1168 1975 foventia.
1243 1939 1521 1988 Spliaerosporae
1568 1940 1606 1977 in

68 2013 177 2038 soros
218 2002 454 2052 rotundatos,
493 2001 681 2039 savellidia
719 2003 963 2054 mentientes,
996 2008 1102 2042 extus
1134 2005 1485 2057 subprominenteS,
1517 2009 1606 2056 plu-

68 2070 170 2106 rimae
215 2070 440 2120 conjunctoe,
484 2081 503 2107 a
543 2070 687 2108 cellulis
732 2071 980 2110 inferioribus
1025 2073 1129 2111 strati
1178 2074 1378 2112 exterioris
1424 2075 1605 2126 formatae,

69 2136 277 2174 rotundatae
310 2140 347 2173 et
377 2137 530 2175 demum
564 2138 758 2176 crucialim
791 2139 930 2178 divisae.

178 2232 304 2266 Genus
345 2228 544 2276 Gigartinae
586 2229 730 2278 prunus
773 2230 929 2278 quidem
971 2231 1111 2269 crearit
1150 2235 1398 2283 Lamouroux,
1442 2233 1508 2271 sed
1547 2233 1605 2271 liic

68 2297 169 2334 velut
208 2298 412 2343 sequentes
451 2298 639 2345 auctores,
680 2296 744 2344 qui
783 2297 872 2334 illud
919 2298 1203 2349 adoptaverant,
1234 2300 1271 2336 in
1304 2301 1426 2338 fornia
1459 2302 1605 2337 l'roudis

68 2363 259 2401 exteriore
304 2361 546 2399 tcretiuscula
588 2363 824 2400 characteres
856 2365 1008 2411 generis
1039 2369 1266 2416 quaerentes,
1297 2369 1440 2415 plantas
1471 2368 1603 2405 diver-

67 2432 235 2471 sissimas
273 2429 342 2468 sub
380 2430 536 2467 nomine
573 2431 771 2478 Gigartinae
813 2433 1107 2478 conjunxerunt.
1176 2436 1212 2470 ln
1254 2436 1348 2482 Algis
1382 2435 1603 2472 Britannicis

67 2499 242 2537 Grcvillei
289 2501 479 2535 tentamen
525 2498 696 2536 melioris
742 2499 1037 2537 constructionis
1079 2501 1229 2547 generis
1275 2502 1429 2549 quidem
1465 2503 1604 2540 lactum

68 2566 148 2617 luit,
184 2565 362 2603 distincto
403 2579 544 2615 genere
589 2567 818 2616 (j;1·acil:u·i÷c;
857 2567 922 2604 sed
963 2571 1126 2616 utroque
1167 2580 1308 2615 genere
1341 2581 1476 2608 manco
1510 2571 1602 2608 clia-

68 2638 213 2671 ractere
244 2634 398 2672 condito
432 2638 468 2672 et
499 2638 659 2684 utroque
691 2635 891 2683 speciebus
924 2635 1018 2672 baud
1052 2635 1228 2682 legitimis
1259 2636 1419 2674 nimium
1450 2642 1602 2687 onusto,

69 2704 271 2749 utrumque
299 2702 375 2749 jam
408 2702 453 2739 ab
486 2702 594 2739 initio
626 2702 841 2752 vaccillaxit,
875 2702 966 2740 dum
996 2703 1162 2751 denique
1210 2704 1246 2740 iu
1293 2704 1399 2742 Flora
1446 2707 1600 2743 lloolxe-

70 2768 185 2818 riana,
224 2769 492 2807 consentiente
522 2771 704 2818 Algologo
736 2770 882 2820 scotiw,
913 2770 1024 2807 ambo
1057 2782 1196 2818 genera
1230 2771 1367 2809 iterum
1398 2773 1601 2819 conjuncta

71 2834 232 2872 luerunt.
303 2838 343 2873 ln
382 2837 456 2885 Alg.
496 2838 782 2877 lllcditerraneis
823 2849 943 2886 genus
989 2850 1088 2876 nexo
1136 2839 1384 2877 fundamento
1430 2840 1599 2879 condere
