1907 3004
82 107 332 152 Commium.
743 109 952 153 Crastinum.
1520 112 1609 153 125

80 242 148 273 mie
186 240 349 283 quadrat,
386 240 574 271 varietates
612 242 727 272 autem
765 243 799 272 et
836 240 1034 283 Synonyma
1061 240 1268 282 expellenda
1295 239 1468 274 videntur.
1518 241 1611 274 Con-

80 300 175 332 serva
208 299 349 339 elegans
381 297 501 338 (Roth.
535 298 609 332 (ἰαί.
637 297 665 331 I.
687 308 722 340 p.
751 300 831 339 499)
860 307 924 331 neo
950 299 1039 332 male
1066 301 1099 332 in
1127 302 1283 332 nostram
1309 299 1413 343 cadit,
1439 300 1501 333 sed
1528 309 1612 343 spe-

81 359 208 390 cimina
234 357 346 389 Rothii
374 357 463 388 male
490 359 686 397 prceparata
716 357 888 389 videntur.

172 415 286 447 variat
323 414 482 457 apicibus
521 415 718 448 suberectis
759 415 830 448 sere
871 417 1084 450 lanceolatis.
1141 415 1295 449 varietas
1323 417 1398 449 hmo
1428 417 1519 450 nulla
1547 418 1612 450 alia

79 476 159 506 nota
176 473 313 505 diversa
329 473 786 516 millividetur3specimina
802 474 872 506 vidi
890 474 1063 507 nonnullis
1092 475 1250 516 apicibus
1278 477 1406 508 erectis
1433 476 1510 509 aliis
1537 478 1614 509 exi-

79 535 146 565 mie
173 533 364 575 sorcipatis,
391 535 425 564 et
450 533 516 564 alia
543 533 575 564 in
604 532 730 574 quibus
758 534 880 574 apices
913 534 1117 565 constanter
1143 536 1202 566 aut
1228 533 1389 575 sorcipati
1417 536 1477 566 aut
1503 536 1611 566 erecti

79 590 228 622 suerunt.
291 590 436 631 Species
477 591 660 623 nonnullas
693 591 942 631 lx'utzingianas
970 591 1033 623 hos
1061 594 1174 624 status
1200 592 1402 632 significare
1431 594 1612 634 suspicor,

76 647 115 681 H.
142 648 361 688 transsugum
399 649 443 682 l.l.
482 659 544 682 cic.
584 650 701 691 quoad
740 649 1014 690 descriptionem
1055 649 1122 681 huc
1160 651 1336 690 pertinere
1374 649 1522 691 videtur,
1550 650 1612 682 sed

78 707 277 749 ‹liagnoses,
304 708 337 739 in
365 707 492 749 quibus
519 707 612 740 nulla
640 706 816 740 fructuum
843 707 880 738 tit
906 707 1047 749 mentio,
1076 707 1109 738 in
1135 705 1201 739 boc
1228 715 1358 747 genere
1384 708 1512 740 nullius
1528 717 1613 740 saue

78 769 159 798 sunt
186 766 325 798 xaloris.

83 892 140 930 40.
173 896 253 930 Cen.
289 900 490 929 Dr-wutlxuu
522 886 693 940 (Liylztf.
725 891 829 927 Scoc.
872 901 910 937 p.
957 889 1055 937 996)
1102 889 1239 927 fronde
1285 889 1506 929 subsetaeea
1549 892 1612 928 di-

188 961 361 996 eliotoma
392 961 430 995 et
465 958 743 995 sublateraliter
787 958 992 1007 ramulosa,
1037 958 1244 1005 segmentis
1288 960 1613 1008 erecto-patenti-

186 1026 267 1075 bus,
299 1025 560 1062 terminalibus
582 1024 963 1074 ,soi-cipuio-eoectis,
1001 1024 1167 1062 articulis
1200 1025 1447 1063 interioribus
1479 1025 1612 1064 3ss4-

186 1094 249 1142 plo
281 1093 468 1129 diametro
501 1092 751 1142 longioribus,
784 1092 994 1130 interstitiis
1024 1092 1224 1141 pellucidis
1242 1093 1481 1141 longitudine
1498 1106 1612 1133 zonas

186 1160 465 1209 superantibus,
509 1159 784 1209 spliaerosporis
826 1159 985 1208 simplici
1030 1159 1130 1197 serie
1175 1159 1274 1197 circa
1318 1160 1490 1207 genicula
1521 1173 1612 1199 ver-

187 1227 363 1275 ticillatis,
395 1227 538 1264 savellis
570 1227 606 1263 in
639 1227 786 1264 ramulo
821 1226 1050 1278 lateralibus,
1083 1227 1266 1265 involucri
1300 1228 1464 1265 rainellis
1484 1231 1612 1277 paucis

186 1295 418 1344 simplicibus
450 1295 622 1332 savellam
653 1295 710 1331 vix
742 1294 1019 1343 superantibus.

170 1383 340 1416 Conserva
367 1383 541 1425 diaphana
567 1381 694 1426 Liylztlss
721 1383 742 1416 l.
768 1383 807 1416 c!
832 1381 882 1416 ΕΙ.
909 1381 1003 1416 Dan.
1030 1381 1099 1415 lab.
1127 1383 1215 1415 951¹?
1242 1382 1356 1416 Dillw.
1384 1383 1485 1427 Consi
1511 1385 1611 1418 t.38l

78 1442 174 1486 Ere-ql.
203 1441 278 1476 Boc.
305 1440 373 1475 tab.
402 1442 502 1474 4742.

170 1501 365 1533 Ceramium
393 1499 602 1541 diapbanum
629 1498 740 1542 Rom,
767 1499 825 1543 Aq.
852 1502 884 1533 et
910 1499 1009 1533 fluct.
1038 1500 1219 1542 (partimi)
1246 1498 1374 1544 Lynqh.
1391 1499 1497 1544 llydr.
1521 1499 1612 1534 Dan.

70 1569 108 1603 p.
135 1560 199 1591 ΜΘ
225 1557 294 1592 tab.
323 1560 379 1590 37.
405 1556 445 1589 B.
469 1555 525 1601 fiy.
553 1558 589 1590 3!
616 1557 725 1590 Ham).
753 1557 891 1600 Phrycot.
917 1556 1008 1590 Brit.
1037 1557 1107 1591 (ab.
1136 1559 1228 1591 493ll

169 1618 365 1650 Ceramium
391 1618 533 1657 elegans
561 1614 694 1649 Gratel.
723 1619 812 1657 (non
838 1616 975 1658 Ducl.)!
1004 1618 1121 1659 quoad
1147 1619 1348 1659 specimen!

167 1677 303 1719 Boryna
328 1675 470 1715 elegans
499 1673 668 1708 Bonnem.
698 1673 804 1716 Hydr.
832 1675 896 1708 loc.
917 1685 954 1718 p.
980 1676 1037 1708 56!

170 1736 304 1767 Geram.
332 1732 545 1775 diaplianum
574 1742 644 1765 var.
672 1732 826 1766 ChauzM

169 1791 428 1826 Hormoceras?
451 1791 667 1833 pulchellum
692 1789 797 1824 Ii'atz.
822 1800 874 1835 sp.
897 1802 934 1835 p.
962 1792 1046 1825 676!

187 1864 275 1902 llab.
307 1863 344 1901 in
376 1865 528 1900 Oceano
559 1863 737 1900 atlantico
769 1863 814 1900 ad
848 1864 973 1901 littora
1016 1866 1215 1913 Europaea3
1261 1863 1306 1901 ad
1343 1867 1428 1913 Cap.
1462 1864 1494 1904 b.
1527 1866 1613 1914 Spei

77 1932 274 1982 (Lalandel
306 1930 466 1978 Ilarveyl
498 1930 665 1979 Pappel)

167 2008 322 2042 Frondes
347 2008 555 2050 plerumque
582 2006 873 2049 3—41)ollicareS,
900 2007 1036 2040 inferne
1063 2010 1227 2051 setaceae,
1255 2018 1395 2042 sursum
1412 2011 1614 2052 attenuatae,

80 2066 454 2101 ramoso-dichotomae
480 2065 514 2097 h.
541 2074 571 2097 e.
606 2066 805 2099 evolutione
843 2075 1019 2099 ramorum
1057 2067 1264 2110 lateralium,
1303 2069 1362 2109 qui
1398 2070 1614 2111 principales

78 2127 207 2160 sensim
235 2126 445 2167 subaequant
461 2126 495 2156 et
521 2123 754 2157 dichotomias
782 2124 905 2157 horum
931 2126 1151 2170 aemulantur,
1178 2126 1443 2169 decompositae.
1481 2127 1614 2160 Romuli

78 2186 111 2217 in
151 2183 291 2216 rachide
331 2183 478 2223 longiori
517 2183 680 2215 laterales
717 2184 819 2215 initio
858 2183 1070 2227 dicliotomi3
1111 2185 1314 2219 terminales
1341 2188 1522 2227 attenuati,
1549 2187 1615 2219 ob-

78 2242 261 2276 tusiusculi
288 2243 347 2273 aut
372 2242 476 2283 acuti,
503 2240 677 2284 sorcipati,
705 2241 768 2273 sed
794 2250 874 2274 mox
901 2243 1139 2276 erectiusculi.
1188 2243 1334 2276 Articuli
1362 2244 1531 2277 diametro
1558 2247 1615 2277 xix

79 2299 272 2343 quadruplo
299 2299 491 2341 longiores·³
526 2309 623 2332 zonae
651 2301 893 2340 geniculorum
920 2301 1090 2333 diametro
1116 2302 1164 2334 sili
1190 2301 1387 2343 breviores,
1427 2303 1615 2335 interstitia

77 2358 253 2402 pellucida
291 2357 384 2390 nuda
421 2358 520 2388 zonis
557 2357 725 2397 longiora.
784 2357 1048 2400 Sphaerosporae
1075 2360 1168 2392 circa
1197 2360 1359 2399 genicula
1385 2360 1614 2403 verticillatzr,

77 2415 285 2458 plerumque
311 2423 446 2458 paueat,
488 2417 590 2448 unica
617 2415 660 2447 ad
686 2416 886 2455 geniculum
913 2417 1077 2458 quodque
1104 2418 1196 2449 serie
1223 2417 1417 2457 dispositae.
1466 2417 1614 2450 Favellae

78 2477 111 2509 iu
140 2475 282 2508 ramulis
315 2472 520 2515 minoribus,
555 2473 757 2506 lateralibus
791 2473 1117 2516 terminalibusqne‚
1159 2474 1401 2517 sublaterales,
1429 2483 1524 2516 saepe
1551 2484 1615 2516 ge-

79 2534 193 2576 mina‘,
220 2531 372 2565 ramellis
400 2530 489 2564 3—4
516 2531 737 2572 simplicibus
765 2531 922 2562 {avellam
943 2532 997 2562 vix
1015 2532 1359 2572 supereminentibus
1376 2533 1614 2566 involucratae.

80 2590 214 2624 Cliartoe
240 2591 374 2623 firmius
401 2590 568 2622 adliaeret.
620 2587 724 2622 Color
750 2589 992 2629 geniculorum
1019 2598 1229 2632 purpureus.

172 2647 318 2681 Nomine
357 2648 433 2681 Cer.
472 2647 635 2689 diaphani
676 2648 843 2688 plurimas
877 2646 1066 2679 hodiernos
1095 2649 1234 2689 specics
1262 2648 1369 2681 fuisse
1395 2648 1611 2694 conjunctas,

81 2707 165 2739 satis
199 2708 349 2739 constat.
412 2706 606 2747 synonyma
641 2706 758 2746 itaque
787 2706 969 2736 auctorum
997 2704 1158 2747 plurima,
1185 2707 1353 2747 plurimas
1380 2707 1615 2749 eomprehen-

82 2763 197 2796 dentia
222 2765 374 2806 species,
401 2773 466 2796 nec
494 2764 537 2796 ad
565 2773 668 2796 unum
695 2772 761 2794 nec
792 2762 835 2795 ad
862 2763 1006 2794 alteram
1033 2764 1170 2796 citanda
1199 2764 1371 2798 videntur.
1415 2765 1614 2810 Grateloup,

82 2829 151 2854 sec.
192 2822 386 2863 specimina
426 2823 459 2853 in
501 2820 565 2853 Ill).
604 2820 756 2861 Agardhi
795 2822 944 2862 servata,
973 2819 1048 2852 Cer.
1077 2820 1289 2862 diaplianum
1315 2830 1335 2854 a
1361 2821 1435 2854 Cer.
1463 2824 1614 2863 eleganti

82 2879 225 2923 primus,
252 2880 286 2912 ni
311 2879 423 2926 fallor,
452 2881 516 2913 rite
543 2880 762 2923 distinxerat,
789 2880 996 2922 insequente
1022 2879 1328 2913 Bonnemaisonio.
1353 2879 1506 2923 Uterque
1533 2890 1613 2914 xero

72 2940 106 2974 Ο
