1907 3004
225 107 250 150 3
263 108 319 148 14
863 94 1111 139 GiaAuTJNEAE.
1411 91 1759 151 Gyrmzoqonqrus.

333 236 481 284 divisaS,
520 231 699 271 foventia.
768 232 902 277 (lanz.
941 228 1053 277 Plzyc.
1094 225 1170 266 tab.
1209 223 1273 264 70.
1305 225 1354 265 II.
1386 225 1507 265 Harv.
1539 225 1650 275 Phyc.
1683 226 1759 266 tab.

335 369 504 408 Frondes
546 379 648 406 nunc
686 368 941 406 teretiusculae
983 376 1054 415 per
1092 367 1207 402 totam
1240 363 1532 411 longitudinem,
1566 373 1666 401 nune
1697 363 1762 400 in-

222 440 331 476 ferne
377 438 630 475 teretiusculae
677 439 714 474 et
747 446 914 484 superne
946 445 1173 482 compressa,
1205 434 1269 469 aut
1299 432 1457 469 omnino
1489 431 1620 480 planae,
1661 442 1763 468 nunc

222 507 305 554 plus
337 504 465 542 minus
496 503 696 541 evidenter
726 500 1239 551 canaliculatw,dichotomae
1257 501 1320 536 aut
1338 499 1456 536 rarius
1474 499 1763 549 p0150110101nae,

225 573 430 623 fastigiatae,
475 572 683 620 segmentis
730 570 938 608 linearibus
982 572 1046 606 aut
1091 567 1334 605 subeuneatis
1379 567 1417 604 in
1465 566 1600 604 fronde
1639 567 1764 615 plana,

224 640 395 687 margine
441 639 646 688 aliquando
695 638 902 676 incrassato
942 636 1198 684 integerrimae
1230 638 1293 672 aut
1325 634 1514 672 rarissime
1546 635 1765 681 crenulatae,

223 711 398 745 recentes
450 707 714 758 subcarnosze,
768 705 961 743 exsiccatae
1015 703 1293 750 subcoriaceae3
1338 701 1558 739 madefactae
1603 699 1766 737 odorem

225 777 370 823 gratum
401 774 481 812 fere
514 775 625 813 Violae
656 774 856 824 spirantes,
888 772 925 809 in
957 771 1160 820 gelatinam
1193 770 1290 807 baud
1323 770 1432 807 facile
1463 770 1671 807 solvuntur.

335 842 464 880 Stratis
508 841 658 880 duobus
698 842 804 879 frons
846 840 1108 888 constituitur,
1154 838 1338 876 interiore
1385 836 1530 875 cellulis
1561 835 1765 883 angulato-

224 909 450 960 rotundatis,
491 909 680 947 diametro
727 908 992 956 longitudinali
1036 907 1327 944 transversalem
1371 915 1504 955 parum
1548 906 1766 952 superante,

226 977 323 1013 intra
354 977 616 1014 membranam
648 988 747 1026 saepe
780 977 1021 1013 incrassatam
1055 974 1314 1011 endochroma
1355 983 1488 1021 parum
1514 970 1765 1019 conspicuum

226 1043 522 1082 continentibus.
596 1048 760 1082 Stratum
807 1046 1006 1081 externum
1053 1042 1123 1079 [ilis
1170 1040 1410 1079 verticalibus
1440 1038 1766 1077 moniliformibus

224 1122 338 1159 parce
376 1110 618 1162 dicliotomis,
662 1111 698 1148 in
739 1110 858 1148 sterili
903 1109 1154 1159 brevioribus,
1187 1108 1223 1145 in
1256 1110 1362 1157 parte
1394 1105 1670 1154 eystooarpium
1701 1105 1766 1143 iu-

226 1177 405 1215 cludente
436 1178 555 1226 magis
587 1178 758 1216 evolutis.

337 1244 476 1282 lx'alidia
515 1245 551 1282 in
590 1248 706 1283 strato
747 1243 924 1282 interiori
963 1243 1109 1281 frondis
1156 1243 1319 1293 evoluta,
1360 1241 1549 1279 nucleolis
1594 1239 1768 1289 plurimis

226 1314 382 1351 demum
424 1312 706 1351 confluentibus
746 1312 971 1362 constantia,
1009 1322 1112 1349 nuuc
1150 1314 1254 1348 extra
1294 1313 1494 1358 utramque
1525 1308 1768 1358 superficiem

226 1381 373 1418 frondis
411 1381 492 1418 fere
529 1391 637 1429 aeque
677 1379 742 1418 sed
774 1391 909 1429 parum
940 1378 1212 1429 prominentia,
1244 1379 1360 1414 strato
1391 1376 1618 1426 superficiali
1650 1376 1768 1424 magis

228 1449 380 1486 evoluto
413 1451 523 1499 tecta,
554 1458 656 1485 nunc
688 1448 726 1484 in
759 1458 832 1484 una
862 1447 1001 1496 pagina
1040 1446 1326 1495 hemispliaeriee
1358 1444 1574 1494 prominula
1607 1445 1769 1494 etperi-

227 1516 358 1565 earpio
389 1516 635 1566 subproprio,
665 1519 853 1554 structura
886 1515 1032 1554 frondis
1064 1514 1270 1564 consimili,
1302 1514 1629 1564 inclusa,semper
1645 1513 1769 1550 clausa

229 1588 266 1621 et
302 1583 457 1621 demum
503 1584 678 1622 circulari
725 1583 918 1621 solutione
956 1594 977 1620 a
1015 1583 1152 1620 fronde
1198 1583 1369 1632 liberata,
1414 1583 1589 1620 foramen
1624 1581 1769 1619 frondis

228 1652 401 1701 pervium
447 1654 510 1688 aut
555 1652 839 1690 excavationem
879 1651 915 1688 in
957 1661 1031 1688 una
1062 1650 1195 1699 pagina
1227 1650 1496 1699 relinquentia.
1557 1649 1771 1686 Gemmidia

227 1719 373 1757 minuta
405 1720 591 1770 angulata,
622 1719 786 1769 plurima
818 1719 914 1757 intra
947 1719 1101 1757 cellulas
1139 1722 1377 1768 praegnantes
1410 1718 1584 1768 formata,
1614 1717 1772 1755 demum

229 1786 432 1826 sublibera.

341 1854 583 1893 Nemathecia
615 1865 660 1891 ex
691 1854 893 1903 superficie
927 1853 1182 1903 erumpentia,
1222 1855 1352 1890 exacte
1394 1851 1676 1900 hemispliaerica
1709 1856 1771 1890 aut

230 1922 384 1959 demum
431 1923 553 1961 forma
598 1922 682 1971 plus
728 1920 854 1959 minus
901 1919 1124 1968 irregularia
1169 1922 1207 1956 et
1249 1921 1357 1968 plura
1403 1920 1654 1970 confluentia,
1700 1921 1770 1958 tilis

231 1988 465 2027 radiantibus
506 1988 735 2026 dichotomis
780 1988 986 2025 articulatis
1032 1987 1249 2038 constituta,
1279 1986 1377 2024 intra
1408 1987 1587 2025 articulos
1617 1988 1770 2025 filorum

231 2058 514 2107 sphaerosporas
546 2056 769 2094 evolventia.
830 2055 982 2093 Articuli
1014 2055 1236 2104 superiores
1266 2055 1432 2104 primum
1463 2054 1614 2106 maturi,
1644 2055 1770 2103 sphae-

231 2136 413 2173 rosporas
459 2123 650 2175 emittunt,
696 2126 903 2172 sequentes
950 2123 1087 2161 ordine
1131 2123 1313 2161 deorsum
1344 2126 1618 2174 maturescunt,
1650 2123 1699 2160 ita
1730 2127 1772 2160 ut

233 2194 339 2231 6—8
386 2193 568 2231 articulos
612 2192 834 2242 superiores
864 2191 977 2229 simul
1008 2194 1180 2229 maturos
1211 2192 1297 2230 vidi.
1357 2192 1645 2240 Spluerosporas
1676 2202 1772 2229 evo-

233 2263 327 2299 lutas
373 2263 517 2298 tantum
563 2261 600 2298 in
646 2263 688 2298 G.
733 2260 949 2308 Norvegico
982 2263 1019 2297 et
1048 2261 1088 2298 G.
1119 2259 1329 2297 Griffithsiae
1361 2259 1571 2297 observavi.
1629 2261 1770 2298 Nema-

232 2331 354 2367 tliecia
392 2329 549 2378 insuper
587 2329 624 2366 in
663 2330 703 2366 G.
733 2327 976 2379 disciplinali,
1007 2330 1045 2366 G.
1077 2313 1246 2379 dilatato,
1277 2330 1316 2365 G.
1349 2328 1545 2365 crenulato
1577 2330 1613 2364 et
1644 2327 1770 2364 forsan

232 2398 270 2435 in
302 2399 341 2434 G.
374 2396 506 2433 lineari
540 2397 626 2434 ridi.

344 2465 497 2514 Species
528 2467 648 2514 plante
679 2465 789 2512 lmjiis
820 2464 970 2512 generis
1001 2463 1101 2513 apud
1132 2463 1451 2502 Lamourouxium
1477 2466 1622 2513 partem
1640 2463 1769 2500 Chon-

233 2534 289 2571 ‹lri
323 2533 476 2581 generis
507 2532 810 2583 constituebant;
843 2532 1094 2570 teretiusculae
1127 2531 1227 2570 inter
1251 2532 1460 2580 Gigartinas
1479 2530 1768 2580 recipiebantur.

233 2606 257 2639 Α
289 2602 478 2639 Gretheo
511 2600 650 2638 eodem
685 2601 766 2638 fere
796 2601 914 2638 modo
946 2600 1151 2649 dispositae.
1219 2599 1404 2647 Agardliio
1438 2598 1585 2647 species
1617 2597 1770 2634 fuerunt

235 2668 497 2716 Splurrocoeci
549 2669 714 2716 generis.
798 2668 965 2706 Celebris
1012 2669 1127 2705 Floroe
1173 2667 1407 2705 Brasiliensis
1452 2668 1584 2703 auctor
1626 2664 1770 2713 primus

236 2748 357 2783 genus
395 2738 678 2785 Gymnogongri
725 2737 909 2787 condidit,
955 2732 1177 2784 ”speciebus
1222 2739 1409 2772 Fueorum
1440 2731 1684 2770 solummodo
1717 2732 1771 2768 sic

236 2804 333 2839 «licta
360 2805 597 2842 Nematliecia
632 2801 881 2853 ferentiln1s³³3
914 2807 951 2841 et
981 2803 1036 2841 his
1065 2802 1221 2852 quidem
1253 2801 1375 2839 verbis
1392 2811 1501 2837 suum
1533 2811 1651 2847 genus
1670 2799 1768 2836 baud

236 2870 334 2908 male
375 2870 556 2919 delinivit,
596 2872 778 2910 limitibus
809 2875 934 2909 autem
967 2870 1080 2909 nullis
1117 2870 1247 2918 generi
1278 2879 1377 2907 novo
1410 2867 1542 2905 ductis.
1604 2870 1642 2905 ln
1674 2867 1770 2915 Algis
