1907 3004
233 73 327 115 326
876 64 1125 108 ominum.
1420 64 1771 126 Gymnoqonqrus.

326 201 508 236 Chondrus
536 199 679 233 linearis
707 196 832 240 Grev.;
858 197 960 233 Ii‘z'icz.
988 207 1038 243 sp.
1064 197 1136 243 Alq.
1157 206 1195 241 p.
1223 197 1306 232 738!

341 284 429 322 llab.
474 283 511 321 in
555 293 702 320 oceano
742 281 900 332 pacifico
941 281 985 319 ad
1019 281 1228 320 Amerieam
1260 280 1609 331 septentrionalem
1642 280 1772 330 (Men-

231 354 360 400 ziesl).

323 443 433 475 Frons
471 439 755 483 li—-Gpolliearis,
794 438 930 472 interne
968 437 1288 481 subteretiuscula,
1326 439 1457 470 sensim
1496 444 1702 480 compressa
1739 441 1774 471 et

231 503 382 544 ‹lenique
408 500 511 543 plana
539 500 593 540 (in
620 500 740 531 nostra
766 496 838 530 sere
866 496 1110 540 canaliculato,
1138 495 1355 536 marginibus
1383 497 1417 528 iu
1443 498 1571 538 pagina
1594 497 1773 531 fructifera

229 558 542 602 prominentibus),
579 558 736 600 linearis,
775 555 910 588 inferne
937 556 1076 598 lineam,
1103 563 1256 596 superne
1283 555 1535 596 sesquilineam
1562 555 1641 599 lata,
1669 556 1773 597 polli-

232 618 303 650 cari
331 626 349 650 a
375 617 493 649 radice
533 616 698 649 distantia
740 615 865 658 divisa,
904 616 939 646 et
976 614 1057 647 dein
1082 615 1207 655 paucis
1235 613 1461 646 dichotomiis
1489 613 1561 646 fere
1588 622 1689 656 aeque
1717 615 1772 647 di-

231 675 407 709 stantibus
448 675 703 716 decomposita.
774 672 962 713 Segmenta
1001 672 1198 704 terminalia
1236 671 1379 704 dilatata
1420 671 1770 705 rotundato-obtusa.

229 734 352 767 Axilla}
398 741 520 765 ornnes
567 732 810 766 acutiusculae.
880 730 1107 764 Nematliecia
1153 729 1355 762 inchoantia
1396 730 1472 770 (aut
1511 730 1771 771 cystocarpia?)

231 791 475 833 subsphaerioe
513 792 749 833 prominentia
786 793 821 823 et
852 789 925 822 sere
953 790 1094 822 omnino
1122 797 1270 831 emersa,
1298 788 1469 820 diametro
1498 786 1570 819 tere
1597 787 1710 831 lineae,
1738 789 1773 820 in

231 851 425 891 segmentis
452 849 696 891 superioribus
721 849 820 891 plura
847 849 1101 891 adproximata,
1135 850 1170 879 et
1195 848 1229 880 in
1257 846 1378 879 eadem
1405 847 1533 888 pagina
1561 846 1632 879 sere
1659 848 1776 879 omnia

234 910 470 943 obvenientia.
521 908 725 942 Substantia
754 908 928 940 coi-iacea.
980 907 1083 939 Color
1109 908 1398 947 atropurpureus.

327 966 360 998 ln
388 966 489 1000 lcone
527 967 672 1000 Turneri
712 967 831 1008 apices
870 966 981 1006 magis
1017 966 1208 998 acuminati
1243 964 1435 1006 pinguntur
1463 972 1566 1006 quam
1593 964 1774 998 innostro

232 1027 426 1069 specimine
454 1015 547 1059 sunt.
598 1026 772 1058 Caeterum
800 1033 864 1067 pro
892 1032 989 1056 more
1016 1025 1156 1056 eximia.

324 1085 472 1118 Fructus
499 1085 668 1126 descripti
696 1084 859 1116 nucleum
886 1082 1005 1116 fovent
1032 1083 1249 1125 cellulosum,
1277 1081 1490 1114 densissimo
1513 1082 1623 1114 strato
1640 1081 1775 1114 filorum

232 1145 442 1177 radiantium
480 1145 624 1176 tectum.
688 1141 883 1174 Gemmidia
920 1150 1003 1174 vero
1043 1142 1078 1173 in
1113 1140 1249 1173 cellulis
1276 1139 1392 1172 nuclei
1419 1138 1512 1172 nulla
1539 1138 1620 1171 vidi.
1669 1138 1774 1180 Cujus

230 1204 349 1244 itaque
377 1202 518 1242 generis
545 1202 626 1245 sint,
656 1200 737 1232 mihi
766 1201 940 1232 incertum
968 1199 1116 1232 videtur.
1175 1198 1228 1230 Ob
1256 1197 1532 1238 magnitudinem
1561 1200 1595 1230 et
1620 1198 1775 1239 disposi-

231 1263 363 1296 tionem
390 1259 614 1294 nematbecia
641 1259 774 1292 credidi
801 1259 957 1292 nondum
984 1260 1131 1291 matura.

239 1387 294 1426 ⁴7.
327 1390 366 1426 G.
397 1397 590 1427 DlLATATUS
623 1388 771 1434 (Turn.
804 1387 904 1425 Hist.
936 1396 974 1423 n.
1006 1384 1105 1433 210)
1146 1383 1284 1424 fronde
1324 1384 1521 1434 caespitesa
1557 1383 1776 1422 subcanali-

343 1456 609 1504 culato-plana
641 1453 1093 1504 dieliotomo-sastigiata,
1123 1453 1330 1501 segmentis
1347 1452 1775 1490 subcuneato-lineari-

344 1524 413 1562 bus
444 1525 617 1572 margine
660 1523 942 1561 subincrassato
975 1522 1247 1572 integerrimis,
1279 1519 1543 1558 terminalibus
1574 1521 1775 1557 truncato-

344 1591 490 1630 obtusis
521 1591 788 1642 subinvolutis,
820 1590 1068 1629 nematlieciis
1093 1589 1387 1639 liemisplioericis
1404 1589 1448 1626 ad
1470 1598 1580 1625 unam
1600 1588 1775 1637 paginam

344 1661 446 1707 (lere
478 1661 647 1706 tantum]
680 1658 990 1709 obvenientibus,
1021 1658 1176 1696 demum
1207 1657 1381 1707 plurimis
1411 1654 1696 1707 approximatis.

326 1751 441 1784 Fucus
469 1750 635 1783 dilatatus
667 1748 771 1782 Turn.
799 1749 820 1782 l.
846 1758 876 1782 c.
907 1746 984 1781 Tab.
1010 1748 1094 1781 2119!

327 1809 607 1850 Spbaerococeus
635 1807 799 1840 dilatatus
826 1806 884 1851 Ay.
910 1805 967 1850 Sp.
988 1817 1026 1850 p.
1053 1807 1118 1839 ⁶250
1147 1807 1180 1839 et
1203 1804 1354 1849 SysAp.
1381 1805 1465 1838 2¹6!

327 1868 519 1909 Onootylus
547 1866 713 1899 dilatatus
739 1864 843 1898 Kritz..
869 1864 926 1908 Sp.
954 1865 1024 1908 Alq.
1047 1874 1083 1907 p.
1111 1865 1188 1897 789.

326 1924 477 1956 Chondr.
504 1926 782 1966 atropurpureus
806 1922 912 1956 Salar.
939 1921 1049 1956 Beilr.
1078 1922 1177 1956 4840.
1205 1921 1302 1956 Flor.
1323 1932 1358 1966 p.
1386 1922 1465 1955 ΞΜ.

342 2007 431 2045 llab.
464 2007 502 2044 in
535 2007 629 2044 mari
661 2007 812 2044 australi
845 2007 890 2043 ad
923 2010 1010 2055 Cap.
1042 2006 1074 2044 b.
1094 2005 1181 2055 Spei
1200 2004 1399 2052 (Lalandel
1421 2006 1773 2056 llarveyll’appel).

325 2097 434 2130 Frons
463 2096 749 2139 3—4-pollicaris,
777 2095 912 2129 inferne
939 2095 1179 2137 teretius-cula,
1206 2103 1287 2128 mox
1313 2095 1416 2136 plana
1432 2098 1466 2128 et
1482 2097 1605 2140 dix-isa,
1627 2096 1775 2129 decom-

232 2155 587 2198 posito-dicliotoma,
630 2157 792 2188 coriacea
832 2157 867 2186 et
905 2162 1038 2197 crassa,
1077 2154 1269 2194 segmentis
1302 2154 1564 2187 sublinearibus
1603 2153 1692 2186 infra
1720 2155 1775 2188 di-

232 2215 428 2248 elietomias
457 2213 686 2259 ¹s2-pollicem
713 2215 857 2247 circiter
883 2213 1205 2256 distantessteviter
1229 2214 1407 2245 cuneatim
1423 2213 1588 2256 dilatatis,
1606 2215 1775 2247 caeterum

232 2274 299 2305 late
338 2273 500 2317 linearis,
546 2272 706 2314 apicibus
744 2272 1070 2305 truncato-obtusis
1110 2273 1169 2316 aut
1207 2272 1452 2314 emarginatis,
1491 2272 1604 2304 axillis
1643 2273 1774 2313 saepius

233 2332 440 2364 rotundatis.
499 2331 673 2372 Margines
711 2332 927 2371 integerrimi
966 2333 1001 2363 et
1032 2331 1211 2363 levissime
1238 2331 1436 2372 incrassati,
1464 2329 1556 2372 quod
1584 2331 1627 2364 ad
1653 2332 1773 2372 apices

233 2389 500 2422 sub-involutos
538 2391 720 2432 praecipue
759 2390 1011 2431 conspiciatur.
1072 2388 1298 2421 Nematbecia
1331 2388 1612 2431 hemispliaerica,
1641 2389 1773 2421 ambitu

231 2448 335 2480 lentis
366 2449 425 2479 aut
450 2447 592 2489 majora,
620 2448 789 2490 quantum
816 2447 917 2480 video
945 2447 986 2480 ad
1014 2456 1118 2480 unani
1145 2448 1321 2490 pagiuam,
1348 2446 1428 2478 binc
1457 2434 1651 2479 convexam
1678 2456 1773 2479 mar-

232 2505 372 2545 ginibus
402 2506 582 2549 revolutis,
609 2506 766 2548 limitata,
794 2515 862 2538 uno
891 2506 1044 2538 alterove
1072 2505 1115 2538 ad
1141 2506 1480 2547 paginamaversam
1496 2505 1772 2546 conspiciendis,

233 2563 373 2596 «lenium
400 2565 448 2596 ita
474 2564 583 2597 deuse
609 2565 851 2606 provenientia
879 2565 916 2597 ut
940 2563 1101 2606 pluribus
1128 2562 1608 2603 confluentibusirregularia
1623 2562 1774 2596 eradant.

233 2626 337 2664 atque
365 2623 614 2663 agglomerata.
673 2623 775 2656 Color
801 2632 819 2655 a
847 2624 1040 2663 sanguineo
1067 2622 1204 2654 intense
1230 2629 1493 2664 purpurascens
1521 2623 1580 2652 aut
1606 2621 1710 2653 immo
1739 2623 1772 2655 in

232 2678 370 2712 fuscum
399 2682 558 2714 tendens.
608 2681 813 2714 Substantia
841 2681 912 2714 sere
940 2682 1113 2714 coriacea.

327 2738 471 2771 (laeteris
514 2741 667 2773 crassior
705 2743 739 2773 et
776 2741 886 2780 magis
921 2741 1093 2783 coriaeea,
1122 2739 1323 2772 3—›lilineas
1350 2739 1417 2770 lata
1445 2739 1504 2770 aut
1532 2736 1619 2769 iufra
1646 2738 1771 2771 dicho-

234 2795 359 2826 lnmias
387 2795 492 2836 ‹luplo
520 2798 632 2831 latior.
683 2798 930 2831 Cliaracterem
960 2808 1040 2831 vero
1068 2799 1288 2840 praecipuum
1318 2797 1350 2828 in
1378 2796 1534 2835 margine
1562 2796 1768 2840 incrassato,

233 2854 267 2883 et
293 2852 452 2893 apicibus
492 2864 614 2888 versus
652 2858 817 2899 pagiuam
844 2856 1064 2890 nematliecia
1092 2858 1272 2897 gerentem
1300 2854 1474 2897 involutis,
1504 2855 1575 2886 tum
1603 2855 1707 2887 etiam
1736 2855 1769 2889 in
