1907 3004
246 94 272 134 9
282 94 307 133 4
906 86 1115 129 (ieiunum.
1622 86 1784 133 Ptz'lota.

246 230 369 261 tamen
415 220 560 269 species
607 219 650 256 ad
698 219 866 256 eundem
908 222 1035 267 typum
1067 222 1302 256 constructas
1334 219 1544 257 accuratius
1575 219 1783 269 inquirenti

245 292 352 328 facile
385 287 538 337 patebit.
570 290 683 324 Axem
717 286 873 323 unicum
906 286 1219 334 longitudinalem
1253 287 1288 324 in
1308 287 1632 337 Rbodocalli,tres
1650 287 1687 325 in
1707 291 1784 325 Eu-

242 358 373 407 ptilota
405 354 543 391 indicat
574 353 746 402 lx‘t'itzing,
779 353 921 402 pendet
952 364 1042 390 vero
1076 353 1287 391 differentia
1320 366 1364 390 ex
1396 354 1598 403 pinnarum
1618 356 1782 403 longiori

244 426 306 459 ant
335 421 474 458 minori
518 421 713 469 distantia3
755 421 792 457 in
832 420 1033 469 speciebus
1077 431 1236 468 quarum
1281 421 1406 470 pinnae
1448 422 1600 471 longius
1632 423 1784 473 distant,

242 489 421 526 articulus
473 489 578 525 axilis
632 488 749 537 ipsius
798 488 1009 536 Jugamenti
1056 488 1092 525 in
1139 489 1310 526 sectione
1355 491 1592 527 transversali
1639 493 1782 528 tantum

243 555 429 604 cernitur3
470 555 506 591 in
544 556 625 592 aliis
665 566 754 593 vero
794 555 995 604 speciebus
1034 556 1157 604 pinna}
1191 556 1236 593 ita
1269 556 1537 605 adproximatae
1569 561 1609 594 ut
1639 559 1782 595 cettutae

242 624 358 660 axites
391 623 592 672 pinnarum
625 635 699 660 una
733 634 817 659 cum
850 624 1009 660 articulo
1043 623 1127 660 axiti
1162 624 1277 673 ipsius
1306 624 1515 671 ⁷iugamenti
1548 625 1584 662 in
1613 625 1784 662 sectione

243 690 480 729 transversali
513 690 659 727 frondis
692 690 929 728 collaterales
962 691 1270 740 conspiciuntur,
1303 692 1506 740 aliquando
1540 692 1656 729 imino
1676 693 1783 739 ejus-

242 758 347 795 modi
387 757 566 795 articulos
614 756 636 794 5
683 757 889 795 observavi.
963 760 1001 795 ln
1048 758 1176 795 l'tilota
1218 754 1383 808 (lum.)
1417 760 1474 797 tila
1507 760 1680 806 elongata
1710 759 1785 796 de-

240 826 368 875 ficere,
409 836 544 862 eorum
583 836 674 862 vero
706 826 791 862 loco
824 826 977 862 cellulas
1011 826 1437 875 rotululato-angulatas
1475 838 1582 863 axem
1615 825 1786 877 cingere,

241 895 369 931 statuit
401 893 566 940 Ktitzing.
626 892 702 930 Fila
733 893 906 940 elongata
940 893 976 929 in
1010 896 1060 931 Pt.
1093 894 1265 941 plumosa
1298 894 1533 942 sparsissima
1568 905 1784 943 esse,con-

241 961 426 998 fitendum
458 964 531 1010 est3
563 964 691 998 tamen
722 960 871 1009 adsunt,
901 960 966 997 sed
998 972 1129 1009 parum
1159 962 1326 1011 evoluta3
1346 961 1483 998 eodem
1504 962 1619 999 modo
1639 962 1783 999 cellulae

242 1028 659 1075 rotundato—angulatoe
698 1032 734 1065 et
773 1028 810 1065 in
854 1028 1070 1065 ltbodocalli
1104 1032 1140 1064 et
1172 1029 1207 1065 in
1240 1029 1429 1077 Euptilota
1463 1028 1686 1078 obveniunt,
1717 1028 1782 1065 sed

241 1097 462 1146 sparsiores.
493 1096 696 1135 Varietates
714 1099 894 1144 praeterea
915 1095 1016 1144 ipsae,
1048 1107 1140 1144 quas
1172 1097 1314 1133 l‘tilotae
1347 1097 1529 1144 plumosae
1561 1096 1787 1133 adnumerat

241 1166 410 1216 Ktitzing,
441 1176 555 1203 unam
574 1163 815 1211 eandemque
847 1166 1072 1200 structuram
1105 1174 1182 1200 non
1215 1163 1397 1213 offerunt3
1417 1164 1469 1201 bae
1488 1163 1588 1201 enim
1609 1165 1678 1210 (Pt.
1700 1165 1784 1200 ele-

241 1243 331 1281 gans
363 1236 400 1270 et
430 1235 480 1271 Pt.
512 1233 675 1279 serrata)
708 1234 933 1269 structuram
967 1231 1127 1269 aliorum
1161 1242 1344 1279 generum
1376 1231 1466 1269 mibi
1498 1234 1769 1269 monstrarunt.

282 1423 313 1461 1.
345 1423 492 1463 Pinnis
523 1423 726 1474 oppositis
759 1419 1058 1473 conformibus,
1091 1420 1321 1473 (equalibus
1353 1424 1427 1462 aul
1458 1432 1545 1462 ‘una
1576 1421 1758 1473 majore,

597 1490 736 1530 altera
767 1491 940 1540 nemore,
972 1489 1210 1540 majoribus
1242 1489 1435 1530 alternis.

246 1594 276 1633 l.
307 1597 363 1633 PT.
394 1603 551 1632 ELEGANS
583 1591 795 1643 (Bomzem.
830 1592 948 1642 Hydr.
982 1592 1055 1632 loc.
1098 1604 1135 1640 p.
1183 1591 1255 1639 202)
1302 1593 1448 1631 frondis
1492 1593 1784 1643 decomposite-

349 1662 513 1712 pinnatae
546 1661 670 1710 pinnis
703 1661 739 1698 in
773 1661 923 1698 racbide
957 1661 1123 1698 tilisormi
1160 1664 1254 1705 (non
1286 1662 1400 1707 alata)
1419 1661 1604 1710 oppositis
1623 1662 1784 1699 consor-

350 1730 487 1779 mibuS,
519 1728 686 1778 pinnulis
718 1740 837 1777 usque
868 1729 912 1766 ad
946 1728 1136 1766 racbidein
1179 1728 1610 1777 sub-monosipboniam
1643 1729 1783 1777 pinna-

351 1795 505 1847 tisectis,
550 1796 728 1845 pinnellis
775 1797 918 1834 obtusis
959 1797 1121 1845 simplici
1159 1797 1258 1834 serie
1291 1797 1537 1834 articulorum
1569 1797 1783 1834 constanti-

351 1866 433 1915 bus,
473 1865 745 1914 spbaerosporis
784 1866 891 1913 apice
933 1865 1186 1913 pinnellarum
1220 1864 1412 1915 solitariis,
1446 1864 1587 1902 savellis
1621 1864 1657 1901 in
1690 1864 1782 1914 pin-

351 1933 438 1970 nula
470 1932 734 1970 terminalibus
764 1932 958 1970 subnudis.

334 2009 460 2042 Ptilota
487 2010 630 2050 elegans
658 2007 829 2043 Bomzem.
856 2009 878 2042 Ι.
906 2009 959 2042 cs!
981 2007 1084 2043 [salz.
1114 2007 1215 2052 Phyc.
1237 2018 1272 2052 p.
1301 2008 1383 2042 378!

334 2067 459 2100 Ptilota
498 2069 660 2110 plumosa
687 2080 721 2112 y.
753 2069 959 2101 tenuissima
997 2068 1055 2112 Ay.
1091 2067 1148 2111 Sp.
1183 2067 1212 2101 I.
1242 2078 1277 2111 p.
1306 2068 1400 2101 38611
1428 2066 1569 2101 Aresclz.
1597 2066 1723 2101 Enum.
1745 2077 1782 2111 p.

242 2126 299 2158 97!

334 2183 458 2216 Ptilota
496 2184 656 2226 plumosa
681 2187 713 2225 β.
741 2185 916 2227 capillaris
956 2183 1060 2219 Grev.
1098 2184 1170 2227 Alq.
1209 2183 1299 2218 Brit.
1324 2195 1359 2228 p.
1388 2186 1463 2218 455.
1492 2183 1598 2218 Harv.
1627 2183 1724 2218 Μαη.
1747 2194 1781 2227 p.

242 2240 295 2274 84.

334 2298 459 2333 Ptilota
487 2302 623 2334 sericea
651 2300 758 2335 Harv.
786 2301 890 2344 Phyc.
917 2299 1007 2335 Brit.
1036 2302 1103 2336 lab.
1133 2303 1214 2336 491!

334 2358 414 2391 Exs.
451 2356 573 2401 li'yatt.
600 2359 729 2393 Damn.
756 2369 790 2393 η.
819 2358 875 2392 77!
903 2360 1034 2394 Claaztv.
1060 2361 1131 2405 :th.
1159 2360 1281 2394 Norm.
1309 2370 1343 2395 n.
1372 2360 1451 2393 466!

353 2430 440 2466 llab.
472 2431 510 2468 in
541 2433 694 2468 Oceano
726 2431 903 2469 atlantico
943 2444 962 2469 a
1009 2432 1211 2480 Norvcgia!
1257 2443 1376 2481 usque
1408 2431 1453 2468 ad
1499 2433 1690 2482 Galliam!;
1735 2431 1781 2469 ad

241 2499 342 2535 littus
373 2498 558 2536 orientale
588 2499 767 2536 Americze
799 2499 965 2536 borealis
997 2502 1090 2546 (sec.
1124 2502 1300 2549 Uarrus),
1333 2500 1369 2536 in
1402 2500 1484 2536 sinu
1517 2498 1695 2536 Codano!

332 2572 440 2606 Frons
478 2573 761 2618 2-2ipollicaris,
800 2574 1011 2608 densissime
1049 2576 1290 2618 decomposite
1328 2576 1481 2617 pinnata,
1515 2575 1631 2615 pinnis
1660 2574 1781 2616 cujus-

242 2640 392 2673 cumque
429 2632 475 2665 sit
510 2634 642 2666 ordinis
679 2635 851 2676 oppositis
887 2636 973 2669 (nisi
1010 2635 1152 2667 alterius
1187 2635 1329 2676 abortu,
1368 2632 1557 2674 majoribus
1597 2633 1779 2676 alternis),

242 2690 432 2729 maioribus
472 2692 739 2734 minoribusque
776 2693 1001 2735 promiscuis,
1041 2693 1164 2725 minori
1204 2694 1388 2733 (ctetcrum
1416 2690 1606 2732 conformi)
1635 2690 1779 2732 majori-

241 2756 308 2788 que
344 2750 519 2790 opposito.
574 2750 700 2783 Raetiis
736 2760 908 2792 nusquam
942 2752 1041 2793 alata,
1076 2751 1258 2792 tilit'orrnis,
1295 2751 1327 2781 in
1353 2748 1524 2781 senilibus
1551 2757 1646 2790 swpe
1674 2749 1783 2789 hirta}

243 2805 275 2835 in
299 2806 464 2847 pinnulis,
493 2816 571 2848 quwv
599 2809 764 2848 pinnellis
792 2808 1013 2848 simplicibus
1039 2809 1221 2840 instructoe
1248 2809 1339 2849 sunt,
1367 2805 1482 2838 mobis
1509 2806 1659 2847 simplici
1688 2806 1779 2837 sei-ie

242 2862 469 2894 articulorum
509 2867 752 2908 constituitur,
793 2867 929 2898 articuli
970 2867 1026 2898 isti
1066 2865 1235 2898 diametro
1274 2864 1440 2907 mquales,
1469 2863 1553 2896 infra
1580 2864 1778 2904 geniculum
