1907 3004
80 99 393 161 Clerysymem'a.
703 107 991 155 Cair'roxmieaz.
1525 124 1579 166 21
1595 126 1614 167 1

78 237 163 270 sunt
202 235 237 272 in
277 240 453 284 provecta
493 240 614 279 saltim
646 246 754 281 {etate
788 244 866 282 sere
900 247 1011 285 nulla.
1072 251 1312 300 Cystocarpia
1343 254 1617 302 Chrysymeniwv

78 302 114 339 in
148 304 329 343 exsiccata
374 307 498 355 planta
541 320 654 359 supra
701 311 875 351 frondem
917 315 1102 367 eminent,
1146 322 1183 355 et
1228 320 1365 359 nucleo
1398 322 1614 362 obscuriori

74 373 187 418 atque
226 372 440 422 pericarpio
479 377 665 424 ampliore
705 381 906 418 constituta
946 388 1141 435 apparent,
1181 398 1253 434 qua
1285 392 1373 426 nota
1405 390 1617 438 specimina

76 449 231 487 quoque
263 441 446 480 exsiccata
478 455 498 480 a
530 446 744 492 {latymonia
775 448 1062 496 dignoscantur.
1104 454 1380 501 AChylocladia
1401 457 1613 495 arcadis-

77 506 203 544 lerunt
229 508 365 546 fronde
398 510 584 562 tubulosa,
615 524 686 551 nec
704 515 1382 571 articulato-constricta,gemmidiis
1400 525 1613 564 rotundatis

75 573 337 614 minutissimis
376 579 643 625 agglomeratis
688 583 782 627 (nec
824 583 1124 622 elavaesormibus
1165 590 1202 623 et
1243 589 1404 638 simplici
1449 593 1549 630 serie
1591 606 1612 631 a

71 642 241 690 placenta
290 644 544 693 radiantibus)
593 651 630 685 et
676 649 796 686 torma
844 661 887 687 ac
924 651 1177 700 dispositione
1208 655 1373 707 filorum,
1405 669 1487 706 quas
1518 672 1611 709 spo-

72 720 197 746 rarum
244 711 421 748 nucleum
468 713 714 753 circumdant.
798 717 856 753 {lis
900 717 1036 755 ductus
1082 720 1361 760 characteribus
1407 736 1526 772 genus
1572 728 1610 765 in

70 775 167 823 Algis
205 777 495 817 mediterraneis
536 781 705 818 condere
753 785 912 820 conatus
949 795 1047 835 sum,
1079 786 1182 834 quod
1216 799 1235 824 a
1267 792 1464 829 nonnullis
1495 806 1610 831 acee-

67 846 186 893 ptum,
226 843 271 881 ab
309 846 389 882 aliis
430 847 613 893 reJ'ectum
646 849 725 885 tuit.
788 853 882 887 Duas
914 852 1065 898 generis
1095 854 1287 892 sectiones
1314 856 1392 902 jam
1425 861 1514 895 tunc
1546 861 1609 898 iu-

65 908 197 959 dicavi,
243 921 334 958 quas
379 913 653 962 sphaerosporis
700 917 918 964 specierum
950 920 1158 968 typicarum
1193 926 1230 960 et
1258 926 1445 964 structura
1477 931 1610 976 (xysto-

64 978 179 1025 carpii
211 979 347 1016 melius
378 980 490 1018 hodie
522 983 695 1033 cognitis,
726 986 955 1034 separandas
986 999 1139 1027 censeo.

172 1046 300 1090 Quoad
354 1050 582 1086 structuram
635 1050 911 1100 aliquantulum
966 1055 1185 1106 discrepant
1229 1060 1397 1111 species,
1443 1062 1499 1101 vix
1546 1068 1607 1102 ta-

61 1123 148 1150 men
195 1114 245 1151 ita
289 1118 329 1151 ut
373 1115 486 1153 hodie
533 1117 570 1155 in
616 1118 763 1157 diversa
807 1132 948 1168 genera
994 1123 1143 1163 abeant.
1192 1129 1309 1165 Frons
1352 1128 1388 1165 in
1420 1130 1501 1169 Chr.
1532 1132 1606 1169 de-

59 1190 188 1228 pressa
219 1181 410 1220 subsolida
457 1187 523 1235 est,
571 1187 715 1224 cellulis
753 1188 1001 1228 interioribus
1040 1195 1257 1241 permagnis
1302 1198 1534 1249 rotundatis;
1567 1200 1604 1238 in

59 1247 140 1284 Chr.
169 1249 380 1287 ventricosa
411 1262 497 1300 pars
527 1252 689 1291 inferior
721 1255 864 1294 frondis
895 1268 1049 1307 quoque
1080 1261 1328 1313 solidescenS,
1360 1265 1503 1303 cellulis
1521 1268 1602 1305 Chr.

59 1314 248 1362 depressoe
294 1317 563 1358 subsimilibus.
637 1324 676 1358 ln
721 1323 802 1361 Chr.
847 1325 972 1364 uvaria
1015 1328 1130 1377 stipes
1170 1331 1314 1369 solidus
1346 1334 1492 1372 cellulis
1524 1336 1600 1373 mi-

59 1382 216 1420 noribus
248 1388 445 1423 contextus
478 1390 543 1425 est.

168 1451 320 1499 Species
352 1453 626 1502 Chrysymeniae
658 1460 795 1496 nostrae
827 1471 845 1497 a
879 1461 1074 1510 liiitzingio
1106 1464 1221 1513 longe
1253 1471 1494 1516 separantur:
1514 1470 1596 1509 Chr.

58 1516 182 1554 uvaria
227 1519 272 1556 ad
318 1521 622 1562 Gastroclonium
669 1526 1000 1580 (Chylocladiam),
1045 1531 1128 1568 Chr.
1176 1534 1389 1574 ventricosa
1434 1539 1471 1573 et
1512 1538 1595 1574 Chr.

54 1582 248 1630 pinnulata
295 1586 339 1623 ad
387 1590 657 1629 [lalarachnion
712 1594 1012 1642 (llalymeniam)
1067 1599 1295 1641 reseruntur.
1379 1604 1412 1642 Si
1467 1608 1595 1643 autem

54 1652 252 1698 cujusdam
298 1655 457 1694 omnino
497 1659 545 1695 sit
585 1659 637 1697 vis
681 1660 718 1697 in
762 1663 966 1709 generibus
998 1665 1228 1706 definiendis
1259 1672 1592 1720 Cystocarpiorum

53 1720 252 1769 structura,
298 1723 461 1761 maxime
506 1737 597 1764 sane
643 1727 822 1766 differunt
868 1732 1001 1779 plantae
1047 1745 1065 1771 a
1106 1735 1302 1784 liutzingio
1349 1740 1590 1780 consociatae.

52 1787 134 1824 Chr.
173 1789 298 1827 uvaria
340 1802 425 1829 cum
457 1793 538 1832 Chr.
571 1796 782 1834 ventricosa
815 1797 885 1835 hoc
917 1805 1093 1849 respectu
1125 1803 1264 1840 eximie
1296 1806 1476 1843 convenit
1506 1810 1542 1843 et
1572 1820 1592 1845 a

51 1854 284 1901 Chylocladia
317 1859 533 1906 gemmidiis
563 1862 733 1915 minutis,
765 1876 843 1904 uno
874 1878 990 1916 super
1021 1869 1183 1908 alterum
1210 1872 1459 1924 conglobatis,
1477 1885 1590 1912 muco

51 1921 263 1968 gelatinoso
309 1925 347 1963 in
392 1929 572 1967 nucleum
618 1931 807 1983 cohibitis,
852 1934 966 1982 longe
1012 1936 1171 1976 recedit.
1237 1940 1412 1978 Placenta
1444 1941 1590 1979 cellulis

50 1990 263 2029 rotundatis
303 1996 477 2033 contexta
508 2000 546 2033 et
575 1998 834 2048 pericarpium
866 2005 1024 2041 externe
1056 2004 1244 2043 elevatum
1277 2017 1396 2055 genus
1427 2019 1446 2045 a
1479 2010 1591 2057 Haly-

48 2058 175 2097 menia
205 2060 399 2101 diversum
430 2064 517 2103 satis
547 2077 741 2116 superque
774 2068 948 2118 probant.

84 2261 108 2301 1.
141 2264 370 2302 {maenarsis
399 2263 547 2316 fronde
578 2267 857 2310 subtzcbulosa
887 2271 1176 2325 solidescenle,
1208 2274 1442 2317 dicholoma
1472 2279 1547 2318 aut

567 2335 847 2386 irrequlare'as
877 2349 1063 2380 ramosa.

50 2451 82 2489 l.
116 2455 198 2492 Cua.
230 2464 431 2494 meliorem
465 2457 518 2504 [J.
551 2460 616 2508 Ay.
654 2465 791 2509 mser.)
834 2464 970 2502 fronde
1008 2465 1414 2506 subinflato-tubulosa
1453 2480 1581 2507 mem-

156 2520 534 2564 branaceo—carnosa
575 2527 1090 2580 dichotomo-decomposita
1136 2535 1330 2585 fastigiata,
1372 2538 1580 2584 segmentis

155 2588 654 2642 c}lindraceo-compressis
693 2596 787 2634 intra
829 2597 1079 2637 dichotomias
1109 2600 1372 2640 subcuneatim
1404 2604 1578 2656 dilatatis,

154 2656 323 2704 apicibus
355 2658 520 2699 breviter
551 2663 788 2702 acuminatis.

153 2733 241 2772 llab.
286 2735 323 2773 in
371 2748 518 2777 oceano
564 2741 746 2780 Atlantico
795 2743 840 2781 ad
886 2745 1111 2784 'senei-illam
1157 2747 1244 2794 (tlh.
1289 2750 1492 2801 Agardhl);
1537 2751 1575 2789 in

42 2799 324 2841 mediterraneo
361 2816 484 2856 prope
526 2809 724 2848 Massiliam
763 2810 927 2863 (lpse!);
972 2814 1007 2851 in
1051 2814 1144 2852 mari
1190 2815 1373 2855 adriatico
1420 2818 1574 2866 (Biaso-

43 2867 183 2917 lettol).

1383 2950 1443 2983 44*
