1907 3004
350 689 690 747 coNSPEcTUS
737 684 1131 742 DISPOSITIONIS
1177 679 1593 738 FLORIDEARUM.

200 836 399 889 szms
440 834 479 884 Ι.
522 831 1060 883 GONGYLosPERMnAE.
1118 845 1261 883 Nueleo
1293 840 1518 890 eystoearpii
1549 837 1655 876 nudo
1680 838 1743 873 aut

198 923 301 959 inter
332 920 391 957 [ila
422 919 478 955 vel
510 916 666 954 cellulas
699 915 846 953 frondis
878 924 1079 962 suspenso,
1109 923 1197 948 raro
1224 911 1320 947 intra
1338 906 1596 958 pcricarpium
1613 905 1743 940 exter-

199 1001 290 1028 num
335 990 504 1035 recepto,
542 984 790 1033 subgloboso,
821 981 983 1030 simplici
1015 982 1079 1017 aut
1109 978 1295 1016 nucleolis
1325 976 1497 1025 pluribus
1529 956 1759 1017 constante3'

200 1055 417 1106 gemmidiis
449 1054 544 1091 intra
575 1051 793 1100 periderma
823 1048 1028 1097 llyalinum,
1069 1056 1270 1083 mucosum
1302 1047 1366 1081 aut
1393 1040 1746 1083 membranaceum,

200 1122 387 1173 plurimis,
417 1121 523 1157 nullo
557 1118 694 1156 ordine
727 1115 977 1164 conglobatis.

313 1193 501 1227 SUBSERIES
531 1189 555 1223 1.
589 1188 941 1222 GONGYLOSPERMEAE.
1008 1179 1238 1228 Cystoearpii
1279 1179 1417 1215 nucleo
1458 1173 1634 1223 simplici,
1677 1182 1746 1208 ro-

201 1257 359 1295 tundato
404 1258 468 1292 aut
510 1253 654 1302 lobato,
701 1249 1038 1288 transformatione
1083 1246 1229 1284 cellulae
1274 1256 1342 1282 seu
1379 1243 1527 1282 articuli
1569 1241 1745 1278 formato,

202 1323 413 1363 Gemmidia
458 1323 590 1359 iterata
628 1317 817 1356 divisione
856 1314 1166 1354 endocliromatis
1207 1315 1302 1362 orta,
1341 1312 1448 1349 nullo
1480 1308 1617 1346 ordine
1649 1317 1748 1343 con-

206 1392 367 1441 globata,
397 1389 619 1426 membrana
649 1385 841 1423 ambiente
873 1383 1016 1419 cellulae
1049 1382 1206 1430 inclusa,
1236 1377 1657 1424 rotundato-angulata.

318 1462 419 1497 ORDO
449 1459 474 1494 Ι.
505 1454 753 1493 GERAMOEAE.
814 1455 934 1489 Frons
965 1450 1157 1487 articulata
1198 1444 1507 1494 monosiphonia,
1549 1440 1648 1479 nuda
1688 1442 1750 1477 aut

208 1530 324 1565 strato
368 1524 591 1561 cellularum
633 1519 814 1557 corticata
851 1517 1003 1555 fibrisve
1042 1513 1335 1553 decurrentibus
1367 1513 1562 1560 cooperta,
1594 1509 1749 1545 demum

207 1591 521 1643 quandoquidem
541 1590 543 1592 ’
563 1588 756 1625 cellulosa.
824 1584 979 1623 Favellae
1019 1583 1063 1621 ad
1096 1593 1222 1620 ramos
1253 1580 1364 1618 nudae
1395 1583 1458 1616 aut
1489 1577 1654 1615 ramellis
1686 1575 1750 1612 in-

206 1662 422 1709 volucratae,
459 1659 557 1694 intra
594 1655 814 1705 periderma
845 1652 1100 1701 gelatinosum
1130 1649 1320 1696 hyalinum
1352 1647 1558 1695 gemmidia
1590 1643 1751 1692 plurima

208 1725 631 1773 rotundato-angulata,
663 1723 767 1759 nullo
811 1720 948 1758 ordine
990 1718 1186 1767 disposita,
1229 1716 1413 1754 foventes.
1474 1713 1751 1761 Sphaerosporae

208 1792 545 1831 transformatione
589 1789 723 1827 ramuli
767 1791 831 1825 aut
870 1787 1015 1825 cellulae
1060 1783 1250 1822 corticalis
1283 1783 1464 1831 sormatae,
1495 1784 1659 1817 externae
1691 1780 1754 1814 aut

210 1861 355 1899 cellulis
387 1858 629 1897 corticalibus
660 1857 826 1894 inclusae.

676 1958 830 1995 TRIBUS
861 1958 886 1993 1.
916 1953 1293 1992 CALLITHAMNOEAE.

741 2033 1044 2072 Callitliamnion.

743 2105 1022 2148 Corynospora.

743 2168 865 2206 Bullia.

747 2235 959 2272 Grislitlisia.

745 2303 914 2339 llalurus.

744 2370 888 2407 l‘tilota.

743 2435 948 2484 Dasypllilu.

748 2502 946 2540 tlrouania.

751 2569 993 2614 nudresnaja.

749 2636 927 2674 llanovia.

751 2704 1005 2752 llaloplegina.

750 2769 978 2808 Pulocladiu.
