1907 3004
83 57 250 104 Iridtea.
731 59 977 105 Gir-Amisiae.
1522 67 1546 105 2
1556 65 1580 106 ἴ)
1595 67 1611 105 l

193 195 287 240 Bory
327 192 471 241 primus
508 192 581 229 llOC
618 203 736 240 genus
768 192 948 237 distinxit,
980 194 1194 233 charactere
1228 196 1352 244 posito
1385 196 1421 233 in
1455 197 1614 235 reticulo

83 260 165 297 laxo
198 259 341 297 frondis
374 259 597 296 interiorem
628 263 773 308 partem
807 261 1074 301 constituente.
1142 263 1296 311 Species
1328 266 1453 300 autem
1487 265 1614 312 planas

81 326 293 374 Gigartinm,
338 329 524 362 structura
557 327 829 363 convenientes
868 331 905 363 at
945 329 1067 364 fructu
1108 330 1285 377 paulatim
1317 331 1497 379 diversas,
1529 342 1615 368 cum

80 393 256 441 genuinis
286 393 486 442 speciebus
521 394 730 443 conjunxit,
770 395 974 443 pluresque
1005 395 1095 433 alias
1128 398 1246 446 Algas,
1278 398 1398 435 forma
1430 398 1614 436 subsimi-

78 462 145 511 les,
178 463 216 497 ut
245 459 378 497 dubias
408 460 547 498 Iridzeae
577 461 723 509 species
756 463 1004 500 enumeraxit.
1068 466 1144 500 lloc
1177 465 1274 501 facto
1293 465 1453 502 Greiille
1482 465 1614 502 idwam

79 528 229 577 generis
273 528 322 564 ita
360 529 517 565 mutavit
558 531 597 564 ut
640 531 778 565 Fucum
819 529 971 566 edulem
1011 531 1268 581 Stackliousei,
1301 542 1414 579 quem
1445 532 1613 580 speciem

79 595 230 643 generis
273 595 427 632 dubiam
473 598 568 642 Bory
613 596 902 645 existimaverat,
948 597 1108 645 typicam
1147 599 1316 645 speciem
1349 600 1612 647 proclamaret.

77 666 288 712 sequentes
331 667 505 700 auctores
550 663 803 700 differentiam
848 663 1007 700 Generis
1051 665 1208 710 Boryani
1240 669 1277 702 et
1307 666 1482 704 Grevillei
1516 667 1613 704 liaud

76 730 323 779 suspicantes,
356 731 553 778 utriusque
585 730 731 778 species
763 731 798 766 in
832 741 950 767 unum
981 731 1274 777 conjunxerunt.
1336 735 1417 780 lpse
1443 734 1610 782 denique

77 797 292 835 diversitate
322 799 517 834 structurae
549 800 586 834 et
617 798 759 834 fructus
790 797 1025 835 diversarum
1057 799 1272 846 specierum
1305 801 1468 850 cognita,
1493 811 1612 847 genus

76 868 288 911 Boryanum
332 863 493 913 restitui⁷
541 864 707 912 expulsis
753 867 897 902 tantum
941 865 1142 913 speciebus
1175 865 1388 916 Gigartinae,
1419 878 1510 915 quas
1542 869 1612 904 linc

75 930 175 969 male
207 930 388 968 retulerat
418 933 542 970 Gallus
574 932 747 970 celebris.

184 1034 326 1071 Postels
365 1036 402 1071 et
439 1035 626 1083 Ruprecht
665 1045 784 1081 genus
830 1046 913 1072 esse
958 1035 1140 1073 membris
1185 1036 1457 1084 lieterogeneis
1497 1048 1609 1074 com-

72 1100 238 1150 positum
283 1101 393 1150 primi
439 1102 565 1139 forsan
605 1102 833 1140 indicarunt.
901 1103 972 1140 Sed
1010 1104 1147 1151 partim
1179 1115 1290 1141 suum
1321 1105 1459 1142 Iridaeae
1490 1117 1610 1152 genus

73 1169 274 1217 speciebus
316 1180 451 1217 parum
482 1169 655 1206 affinibus
688 1169 886 1220 (Chondri,
918 1170 1117 1218 Gigartinze
1150 1173 1240 1212 etc.)
1273 1172 1433 1208 nimium
1465 1183 1608 1209 onera-

72 1238 214 1285 verant,
244 1236 380 1283 partim
411 1236 541 1273 indole
571 1237 714 1273 fructus
747 1237 944 1285 utriusque
977 1240 1065 1274 tunc
1098 1238 1282 1286 temporis
1312 1239 1484 1276 nondum
1515 1251 1608 1287 per-

71 1306 215 1352 specto,
255 1305 295 1339 ut
333 1304 388 1340 vel
426 1303 712 1353 splizerosporis7
755 1304 985 1350 juvenilibus
1016 1309 1079 1342 aut
1108 1306 1265 1343 maturis
1305 1309 1342 1342 et
1379 1305 1519 1355 dixis-is,
1552 1307 1607 1342 vel

70 1368 270 1406 fax-ellidiis
301 1369 511 1418 specimina
557 1374 692 1408 onusta
723 1371 917 1423 vidissent,
947 1372 1112 1411 diversas
1144 1373 1334 1411 sectiones
1366 1374 1466 1412 salsis
1496 1374 1607 1423 prin-

71 1436 177 1485 cipiis
209 1437 475 1474 condiderunt.

179 1541 305 1576 Genus
335 1538 487 1589 Iridaeae,
520 1543 558 1576 ut
582 1540 641 1577 hic
673 1542 934 1592 constitutum,
967 1543 1105 1580 eximie
1138 1544 1319 1582 naturale.
1350 1547 1541 1582 Structura
1571 1549 1608 1582 et

69 1608 200 1645 indole
234 1608 376 1644 fructus
408 1618 492 1644 cum
525 1608 716 1656 Gigartina
756 1610 929 1658 proxime
961 1612 1222 1662 conjuncnun,
1254 1613 1397 1649 fructus
1428 1613 1499 1650 situ
1532 1614 1605 1650 ali-

68 1676 291 1724 quantulum
332 1675 534 1714 diversum.
608 1678 858 1726 Cystoearpiis
903 1679 1126 1727 compositis
1172 1683 1209 1715 et
1253 1679 1290 1715 in
1330 1679 1457 1717 medio
1489 1684 1605 1718 strato

66 1742 253 1780 interiore
283 1742 554 1794 nidulantibus,
581 1745 846 1792 lx'allymeniam
874 1746 1002 1795 tangit,
1021 1749 1057 1782 at
1075 1746 1307 1795 cystocarpia
1327 1746 1524 1795 utriusque
1542 1747 1605 1783 di-

67 1819 176 1847 verso
208 1810 325 1847 modo
357 1810 530 1861 formata)
555 1813 826 1861 spltaet'OSpOt'oe
844 1813 1041 1861 utriusque
1060 1814 1210 1860 generis
1229 1814 1399 1865 diversae,
1418 1818 1605 1853 structura

65 1878 214 1915 frondis
250 1878 334 1916 alia.
365 1899 419 1905 -—-
448 1882 670 1928 comparata
702 1883 888 1918 structura
920 1881 1059 1918 lridaeze
1092 1885 1130 1917 et
1158 1881 1438 1931 Schizymeniae,
1470 1883 1600 1921 diver-

64 1947 153 1983 sitas
197 1946 393 1994 utriusque
432 1947 556 1995 primo
595 1947 735 1984 iutuitu
765 1951 876 1996 patet.
935 1948 1061 1985 Sectio
1095 1949 1353 1986 transversalis
1387 1949 1524 1987 lridoeae
1557 1951 1604 1988 ol)

66 2015 269 2052 reticulum
301 2014 531 2052 laxissimum
565 2015 737 2065 interius,
768 2026 904 2064 aquam
928 2015 1143 2053 avidissime
1163 2016 1364 2067 imbibens,
1382 2017 1461 2054 sere
1480 2019 1603 2055 statim

64 2081 282 2119 dissolvitur
322 2085 359 2119 et
397 2084 601 2130 utrumque
642 2083 879 2131 superficiale
918 2083 1185 2133 fragmentum,
1224 2084 1350 2122 minus
1392 2085 1502 2122 facile
1533 2098 1602 2123 so-

63 2150 196 2199 lutum,
227 2149 329 2186 varie
361 2149 637 2197 contorquitur.
697 2152 737 2186 In
769 2150 1038 2200 Seliizymenia,
1070 2151 1312 2187 transversim
1344 2155 1457 2201 secta,
1503 2155 1603 2190 stra-

64 2219 142 2253 tum
176 2216 336 2253 interius
367 2217 448 2253 fere
479 2216 609 2253 medio
642 2216 798 2254 densius
829 2221 998 2266 apparet,
1029 2218 1118 2254 satis
1151 2219 1300 2255 firmum
1333 2223 1370 2256 et
1395 2220 1603 2269 cohaerens,

63 2283 288 2330 cellulisque
332 2286 479 2320 constat
518 2283 758 2330 longioribus
799 2285 1002 2333 minusque
1035 2286 1204 2323 ramosis.
1265 2286 1504 2334 Cystocarpia
1538 2290 1601 2322 ut-

62 2351 218 2398 riusque
249 2349 401 2397 generis
431 2349 538 2386 valde
570 2349 730 2388 diversa.
791 2353 829 2387 ln
862 2352 989 2388 lridsea
1021 2363 1153 2398 magna
1187 2356 1223 2389 et
1250 2353 1418 2401 pluribus
1437 2355 1601 2390 nucleo-

61 2419 105 2456 lis
146 2416 426 2455 conssuentibus
470 2416 692 2466 constantia,
739 2417 776 2453 in
821 2418 951 2455 medio
997 2423 1112 2456 strato
1159 2420 1344 2456 interiore
1378 2420 1600 2476 nidulantia,

61 2486 166 2522 nullo
212 2496 308 2532 poro
353 2488 495 2533 aperta,
540 2483 607 2520 sed
652 2484 690 2520 ni
737 2484 847 2521 fallor
882 2485 1049 2534 disrupta
1084 2489 1188 2534 parte
1223 2487 1414 2524 exteriore
1445 2488 1599 2526 deinum

63 2553 261 2590 elabentia.
337 2554 376 2588 ln
422 2552 677 2598 schizymenia
725 2553 865 2590 savellae
903 2553 1108 2602 simplices,
1152 2554 1246 2591 infra
1280 2557 1435 2592 stratum
1469 2559 1599 2592 exter-

60 2629 152 2656 num
198 2619 394 2668 utriusque
439 2620 584 2668 pagium
624 2620 701 2657 sine
742 2623 779 2656 et
820 2621 939 2657 canali
984 2633 1051 2669 per
1082 2625 1239 2659 stratum
1271 2623 1437 2659 exterius
1470 2624 1599 2671 pervio

61 2691 211 2738 apertae,
242 2687 445 2734 gemmidia
479 2688 574 2724 intra
607 2687 820 2736 periderma
853 2689 1040 2735 lnalinum
1073 2689 1233 2738 plurima
1254 2690 1436 2727 forentes.
1468 2690 1600 2738 Splnr-

9 2762 15 2768 ‘
61 2764 228 2802 rosporae
259 2754 426 2804 denique
458 2756 726 2801 Schizymeniae
760 2755 858 2792 inter
889 2757 945 2792 tila
978 2758 1226 2805 superficialia
1254 2770 1392 2806 sparsae
1411 2759 1599 2808 obfflngw,

60 2819 197 2858 trid-„uae
231 2833 320 2860 vero
355 2822 392 2860 in
422 2834 532 2860 soros
565 2823 733 2860 collectae
765 2826 801 2860 et
833 2824 1054 2862 rotumlatw.
