1907 3004
733 55 979 99 Giaanrixaffl.
1523 59 1611 100 231

199 190 261 229 220
294 189 588 239 Sphoerosporoe
627 189 961 228 transformatione
1000 191 1220 228 cellularum
1251 193 1315 228 aut
1344 192 1494 230 filorum
1525 205 1617 232 cor-

89 259 253 297 ticalium
296 258 527 305 ubicumque
574 257 798 306 formantur,
843 257 993 295 diverso
1033 270 1122 295 vero
1155 259 1192 296 in
1223 259 1381 296 diversis
1412 261 1617 306 generibus

87 326 222 374 modo,
267 324 305 361 in
350 324 543 361 nonnullis
584 323 685 360 inter
725 324 879 361 cellulas
922 328 985 362 aut
1024 325 1084 362 tila
1120 327 1263 363 sterilia
1294 327 1397 364 strati
1429 328 1617 366 corticalis

85 405 220 442 sparsae
266 392 473 429 obveniunt
518 391 784 441 (Gloiopeltis,
831 391 1031 441 uiss00ua,
1077 394 1327 444 lfallymcnia,
1373 396 1616 446 Calopliyllis,

86 458 401 508 Cystoclonium),
446 458 483 495 in
529 458 610 495 aliis
640 469 658 494 a
691 458 835 495 cellulis
881 459 1248 497 infra-corticalibus
1286 462 1457 509 plurimis
1489 467 1616 501 trans-

87 527 268 575 formatae,
299 525 411 562 certis
442 524 535 562 locis
565 536 674 562 soros
707 526 789 573 plus
821 526 946 563 minus
977 529 1154 565 extensos
1186 527 1365 578 efficiunt,
1385 528 1616 569 favellidium

84 593 180 630 mire
218 593 430 630 referentes
461 592 748 642 (Gigartineae);
782 592 817 629 in
849 593 931 629 aliis
962 593 1129 641 denique
1161 595 1398 632 Nemathecia
1430 599 1617 636 evolvun-

85 665 156 710 tur,
188 659 406 696 evolutione
436 659 618 708 peculiari
649 660 798 696 filorum
832 659 1081 698 corticalium.
1141 660 1381 698 Nematliecia
1415 666 1501 699 sunt
1526 675 1616 702 ver-

85 738 182 764 rucae
214 730 376 763 exterum
407 725 635 774 spongiosoe,
666 726 736 762 filis
769 725 1010 762 corticalibus
1038 726 1273 774 prolongatis
1305 729 1617 770 moniliformiter

81 793 285 831 articulatis
311 791 752 839 dichotomo-sastigiatis
784 792 1030 842 radiantibus,
1060 803 1173 830 muco
1192 792 1324 831 laxiori
1344 797 1487 833 tantum
1505 799 1615 836 colii-

81 860 179 909 bitis,
210 862 404 899 contextae.
471 861 749 909 Sphaerosporae
780 863 844 897 aut
874 871 918 897 ex
949 860 1040 908 ipsis
1071 860 1239 898 articulis
1270 864 1307 897 et
1338 863 1515 901 omnibus
1546 867 1616 903 filis

80 928 310 966 Nematliecii
343 928 617 965 transformatis
646 928 822 965 oriuntur
839 929 1273 977 (Tylocarpeae),autex
1294 929 1446 967 ramulis
1463 930 1613 971 filorum

80 995 273 1033 nonnullis
305 998 570 1046 transmutatae,
602 995 671 1033 [ilis
701 995 892 1033 sterilibus
921 996 1088 1033 insident
1119 999 1156 1033 et
1185 996 1239 1033 his
1271 998 1475 1045 cinguntur
1490 1000 1613 1049 (Con-

79 1062 277 1112 stantinea,
309 1062 520 1112 Poly-opes).
580 1064 742 1101 Nucleus
772 1063 1042 1112 sphaerosporae
1072 1063 1171 1101 intra
1201 1063 1458 1113 perisporium
1489 1068 1615 1116 sphae-

80 1129 199 1167 ricum
231 1133 294 1166 aut
322 1130 602 1177 spbaeroideum
632 1131 690 1167 vel
721 1130 839 1167 immo
879 1129 1087 1178 oblongum
1121 1130 1157 1167 in
1190 1134 1315 1179 partes
1348 1132 1369 1168 4
1400 1135 1614 1173 maturitate

80 1196 235 1234 secedit.
306 1197 583 1246 Sphaerosporae
622 1197 787 1235 zonatim
823 1197 950 1234 divisae
983 1197 1020 1234 in
1051 1198 1333 1248 Constantinea,
1363 1202 1616 1252 Cystoclonio,

82 1267 119 1300 et
148 1264 326 1302 Bissoella
357 1264 562 1302 observata}
595 1265 765 1314 fuerunt3
796 1264 834 1300 in
864 1264 1336 1316 Endocladia,[‘01500elia
1367 1271 1405 1305 et
1432 1269 1615 1309 Abnfeltia

81 1332 251 1371 nondum
295 1331 393 1369 bene
434 1331 612 1381 cognitae3
653 1331 691 1368 in
734 1331 878 1368 caeteris
909 1331 1104 1369 cruciatiin
1137 1332 1368 1371 dividuntur.
1429 1337 1468 1373 ln
1502 1337 1615 1375 unico

81 1403 231 1437 Genere
271 1420 325 1426 -
363 1399 542 1436 affinitate
582 1402 759 1436 caeterum
791 1398 908 1437 dubio
939 1421 993 1426 —
1023 1400 1307 1449 spbaerosporas
1336 1401 1521 1451 triangulo
1551 1405 1616 1442 di-

81 1467 176 1504 visas
208 1466 335 1503 videre
368 1466 525 1504 credidi.

191 1534 493 1580 Gigartinearum
531 1534 640 1583 ordo,
680 1538 719 1571 ut
760 1535 831 1571 boc
871 1536 956 1572 loco
989 1535 1181 1586 limitatus,
1211 1539 1507 1585 Cryptonemeas
1540 1552 1615 1589 po-

81 1601 265 1638 tissimum
312 1602 438 1648 tangit.
511 1604 703 1638 Structura
736 1602 881 1639 frondis
913 1605 950 1639 et
980 1603 1252 1652 spliaerosporae
1285 1605 1321 1642 in
1352 1604 1453 1642 serie
1485 1608 1615 1644 Gene-

82 1680 165 1706 rum
198 1669 394 1716 utriusque
426 1669 574 1707 familia}
606 1669 823 1707 subsimiles
854 1674 891 1706 et
915 1671 1092 1718 analogas
1112 1671 1614 1723 offeruntmodificationes;

81 1736 239 1774 nucleus
277 1747 367 1774 vero
405 1736 629 1785 cystocarpii
672 1737 709 1773 in
740 1741 899 1785 utraque
933 1736 1071 1774 familIa
1103 1737 1284 1775 diversus.
1345 1741 1488 1778 Favella
1520 1744 1615 1788 Cry-

81 1807 375 1852 ptonemearum
420 1803 649 1851 subglobosa
694 1804 790 1840 intra
833 1804 1050 1852 periderma
1089 1805 1279 1852 hyalinum
1310 1807 1487 1844 nucleum
1518 1808 1615 1846 sim-

81 1871 233 1921 plicem,
276 1874 339 1908 aut.
382 1871 506 1908 forsan
555 1871 762 1908 nonnullos
808 1871 873 1908 sed
921 1871 958 1908 in
1004 1882 1122 1908 unum
1154 1872 1312 1909 omnino
1345 1874 1616 1925 coalescentes,

82 1938 262 1975 continet.
322 1940 362 1975 ln
393 1938 618 1986 Gigartineis
648 1948 738 1975 vero
770 1938 936 1976 nucleoli
968 1938 1105 1986 singuli
1139 1939 1278 1977 favellae
1310 1942 1448 1979 nucleo
1467 1943 1616 1990 analogi

81 2008 184 2055 sunt,
223 2005 453 2053 plurimique
493 2005 663 2043 nucleoli
701 2006 878 2042 nucleum
925 2005 1102 2043 favellidii
1136 2009 1172 2042 et
1204 2007 1334 2044 Kalidii
1366 2008 1616 2047 constituunt.

82 2072 243 2112 Nucleus
290 2072 416 2120 itaque
459 2073 594 2109 borum
640 2072 741 2110 nulla
781 2072 974 2109 ambiente
1006 2073 1229 2111 membrana
1262 2074 1403 2112 anhista
1436 2075 1615 2127 inclusus,

82 2141 149 2179 sed
196 2140 364 2178 nucleoli
409 2139 545 2187 singuli
593 2140 690 2177 intra
735 2140 953 2189 periderma
997 2142 1192 2189 peculiare
1237 2143 1440 2190 gemmidia
1474 2144 1615 2181 fovent.

83 2208 294 2245 Geminidia
338 2218 492 2256 quoque
538 2207 575 2244 in
621 2208 752 2244 favella
798 2209 1078 2259 numerosiora,
1113 2220 1227 2257 quam
1269 2211 1307 2247 in
1338 2212 1516 2248 nucleolo
1548 2212 1616 2249 Gi-

84 2276 350 2324 gartinearum.
409 2278 543 2311 Forma
574 2274 870 2321 gemmidiorum
902 2276 940 2313 in
972 2279 1132 2324 utraque
1165 2278 1304 2315 familia
1335 2277 1551 2315 subsimilis.

194 2345 341 2379 Genera
379 2341 681 2389 Gigartinearum
718 2345 775 2378 sat
812 2342 911 2379 bene
951 2343 1113 2380 invicem
1146 2344 1398 2392 conveniunt,
1429 2344 1614 2381 differen-

85 2412 164 2462 tias,
196 2422 277 2459 quae
309 2409 347 2447 in
379 2408 504 2446 nuclei
531 2411 717 2445 structura
749 2408 896 2458 adsunt,
929 2409 964 2446 in
997 2409 1168 2447 tribubus
1200 2409 1409 2448 formandis
1440 2409 1614 2448 indicavi.

85 2478 269 2516 Nonnulla
301 2487 454 2526 genera,
496 2486 656 2524 quarum
687 2476 921 2524 cystocarpia
953 2476 1124 2514 nondum
1156 2477 1230 2515 vidi
1261 2478 1504 2527 (Polycoelia,
1536 2480 1613 2516 lin-

86 2650 218 2680 tantum
257 2648 476 2689 separantur,
515 2646 549 2678 ot
585 2645 657 2677 sere
696 2645 852 2685 contigui
891 2646 983 2677 sunt.
1046 2642 1080 2676 ln
1118 2644 1307 2685 generibus
1346 2655 1438 2691 vero,
1466 2655 1614 2688 quorum

87 2706 232 2737 stratum
272 2705 417 2737 interius
455 2704 522 2736 filis
561 2703 771 2735 reticulatim
812 2701 1156 2735 anastomosantibus
1196 2706 1401 2737 contextum
1440 2707 1505 2748 est,
1532 2707 1615 2737 sunt

87 2762 218 2794 ramelli
245 2762 407 2795 laterales
434 2762 558 2794 clavati
584 2762 720 2793 filorum
749 2761 895 2801 reticuli,
922 2761 979 2801 qui
1007 2762 1138 2793 sensim
1166 2763 1612 2806 turneutznucleoliitaquc

88 2828 153 2852 non
182 2821 314 2853 tantum
340 2820 406 2853 filis
432 2819 611 2853 sterilibus
638 2819 802 2861 separati,
829 2818 892 2851 sed
918 2817 970 2850 his
997 2827 1118 2852 revera
1147 2819 1310 2852 insident.
