1907 3004
90 69 373 130 Callopleyllis.
733 72 979 119 GicAu‘rixm.
1526 80 1619 121 297

199 204 338 241 lx'alidia
390 204 495 242 disco
548 209 611 243 aut
660 208 831 255 margine
877 212 940 246 aut
985 209 1100 248 immo
1147 210 1304 249 fimbriis
1349 211 1619 259 marginalibus

87 271 263 308 immersa
310 275 347 307 et
390 273 569 321 utrinque
614 274 916 326 subprominnla,
963 277 1057 315 intra
1088 278 1343 327 pericarpium
1385 280 1567 328 clausum,
1600 294 1619 318 a

85 341 199 374 strato
239 338 384 374 frondis
425 340 615 376 exteriore
653 343 770 389 magis
802 344 1008 381 incrassato
1041 349 1078 381 ct
1109 345 1301 383 interioris
1333 346 1503 393 margine
1535 348 1617 384 l'or-

84 407 240 455 matum,
271 404 491 456 nidulantia,
523 408 708 445 nucleolis
740 410 922 460 pluribus,
955 412 1114 449 reticulo
1139 413 1287 449 litorum
1307 413 1500 463 sejunctis,
1519 425 1616 451 con-

83 471 220 509 stituta.
250 473 420 510 Nucleoli
453 473 498 510 ab
529 475 825 513 endocbromate
859 479 1126 515 transformato
1159 483 1193 516 ct
1214 481 1248 517 in
1274 481 1476 528 gemmidia
1495 481 1616 518 diviso

83 538 303 575 cellularum
354 540 500 577 frondis
554 541 779 580 interiorum
830 545 1002 594 formati,
1049 550 1086 582 ct
1128 547 1348 584 membrana
1394 549 1616 585 cellularum

83 606 209 656 cincti,
250 610 304 644 tot
346 607 474 655 itaque
517 612 610 656 quot
653 611 796 648 cellulae
840 615 1086 660 prmgnantes.
1154 614 1365 651 Genunidia
1404 614 1616 664 rotundata,

82 672 176 710 iutra
209 673 373 721 singulas
405 675 557 713 cellulas
575 681 812 725 praegnantes
829 679 1003 727 plurima.
1035 682 1114 727 (Sp.
1153 679 1182 716 l.
1215 680 1249 716 Ξ.
1282 679 1316 717 3.
1352 681 1384 717 [ι.
1416 679 1451 718 7.
1484 682 1519 718 8.
1550 681 1615 725 9¹.)

191 742 468 790 Spbaerosporae
507 743 605 780 inter
644 745 701 781 fila
740 745 1013 782 monilisormia
1060 746 1165 782 strati
1202 747 1402 784 exterioris
1432 748 1615 798 soi-malac,

79 807 322 854 splifflroidcae
353 811 416 844 aut
447 809 634 859 oblongce,
665 822 816 862 sparsae,
849 823 950 849 nunc
982 813 1018 849 in
1049 823 1178 849 sorum
1207 812 1412 851 informem
1431 815 1614 863 adproxi-

77 877 198 924 matae,
230 875 422 912 cruciatim
457 875 596 915 divisae.
660 882 738 927 (Sp.
769 879 803 916 2.
837 878 873 916 3.
908 879 974 924 61)

188 941 342 990 Species
386 943 496 990 buJus
542 945 714 994 generis,
766 945 892 983 babitu
946 946 1229 997 Rbodymenizc,
1280 947 1612 985 fructificationem

76 1010 190 1057 longe
221 1009 332 1047 aliam
376 1014 526 1062 gerunt,
557 1022 674 1060 quare
706 1023 824 1060 genus
856 1014 929 1051 illis
961 1014 1158 1063 proprium
1191 1025 1269 1052 non
1302 1014 1495 1052 immerito
1528 1015 1612 1052 sor-

75 1077 188 1114 mavit
218 1077 384 1125 Ktitzing.
443 1080 482 1115 In
514 1078 736 1127 Phycologia
769 1080 828 1117 bic
858 1084 1001 1118 tantum
1033 1081 1127 1119 duas
1160 1082 1298 1130 typicas
1323 1082 1471 1132 specles
1489 1082 1611 1131 affert,

75 1145 225 1182 tertiam
269 1145 437 1193 speciem
483 1147 633 1193 generis
673 1147 772 1185 inter
800 1149 1096 1197 Splucroeoccos
1129 1153 1340 1199 enumerat,
1371 1148 1612 1186 determina-

75 1212 179 1250 tione
210 1212 331 1250 Subrii
364 1213 562 1263 deceptus,
593 1215 656 1263 qui
690 1216 847 1253 nomine
880 1220 1060 1265 usurpato
1091 1218 1175 1266 Spb.
1206 1217 1403 1254 Lambertii
1423 1217 1611 1254 diversam

73 1280 238 1328 plantam
283 1279 485 1318 distribuit.
557 1284 595 1318 In
635 1281 895 1331 descriptione
926 1284 999 1332 Alg.
1031 1283 1249 1321 Liebmanni
1282 1294 1397 1322 novas
1428 1283 1609 1331 quasdam

74 1347 221 1396 species
252 1348 390 1386 Generi
423 1349 625 1399 vindicavi3
657 1351 806 1387 Sonder
835 1351 959 1402 aliam,
991 1354 1240 1400 Montagneus
1272 1355 1309 1389 ct
1340 1355 1480 1398 llarvey
1504 1363 1609 1389 non-

72 1416 194 1452 nullas
240 1426 353 1453 novas
399 1416 632 1463 adjecerunt.
716 1421 754 1455 ln
800 1419 1064 1456 recentissimo
1110 1431 1179 1457 suo
1225 1430 1363 1470 opere,
1409 1417 1609 1466 speciebus

72 1483 268 1520 nonnullis
299 1485 566 1532 betcrogencis
598 1497 717 1533 genus
748 1498 858 1524 suum
890 1487 991 1524 auxit
1020 1490 1168 1525 Auctor.

182 1550 311 1595 Quoad
350 1555 577 1589 structuram
623 1553 765 1590 fructus
798 1566 815 1590 a
849 1554 1044 1602 lititzingio
1077 1558 1114 1592 et
1143 1557 1373 1602 Montagneo
1405 1550 1608 1591 dissentire

71 1621 225 1656 coactus
255 1630 350 1656 sum.
409 1619 560 1657 Cellulae
593 1624 863 1672 concatenatae,
894 1633 976 1671 quae
1008 1625 1244 1670 praegnantes
1276 1622 1429 1658 cellulas
1462 1621 1608 1658 reticu-

70 1686 173 1723 latim
204 1686 388 1736 ambiunt,
419 1686 465 1723 ab
496 1690 674 1738 utroque,
705 1688 734 1725 si
765 1689 970 1726 verborum
1002 1700 1155 1726 sensum
1175 1689 1246 1727 rite
1264 1688 1607 1738 interpretarerim,

70 1753 383 1802 spermopodium
417 1753 569 1792 efficere
600 1755 903 1794 considerantur.
963 1760 1211 1805 Moutagneus
1243 1757 1360 1794 immo
1392 1758 1495 1794 filum
1541 1768 1606 1794 ra-

68 1831 220 1858 mosum
252 1821 436 1872 depinxit,
480 1823 587 1870 cujus
634 1823 670 1860 in
711 1824 880 1872 apicibus
912 1825 1090 1861 coloratis
1121 1836 1254 1873 sporas
1284 1824 1487 1872 (singulas)
1522 1824 1605 1861 sor-

68 1888 164 1925 mari
209 1888 380 1926 credidit.
453 1893 590 1938 Sporas
635 1890 793 1928 minime
840 1891 875 1928 in
916 1891 1082 1928 articulis
1124 1893 1260 1929 borum
1301 1893 1451 1929 sitorum
1500 1892 1605 1941 oriri,

68 1957 134 1994 scd
180 1957 218 1994 in
263 1957 410 1995 cellulis
452 1958 664 2005 majoribus
710 1962 747 1996 et
785 1959 942 2008 quidem
982 1960 1018 1997 in
1057 1960 1190 1997 cellula
1223 1970 1378 2008 quoque
1409 1959 1604 2008 plurimas,

68 2024 198 2061 videre
240 2024 398 2063 credidi.
467 2027 685 2064 Secundum
725 2027 962 2076 Ktitzingium
1003 2030 1039 2065 et
1070 2031 1338 2076 Montagneum
1371 2028 1512 2064 tructus
1545 2027 1604 2063 la-

67 2092 215 2130 vellidia
247 2096 391 2143 essent3
422 2094 512 2131 mibi
545 2094 682 2132 Kalidia
716 2095 967 2133 obvenerunt.

178 2162 323 2199 Nomen
356 2172 375 2197 a
407 2161 603 2210 lititzingio
648 2162 775 2199 datum
822 2164 1055 2213 conservavi,
1094 2163 1183 2200 licet
1213 2163 1339 2201 forsan
1371 2174 1455 2200 cum
1487 2161 1602 2200 Calo-

65 2227 191 2276 pbyllo
224 2228 361 2266 Linnaei
393 2227 554 2266 nimtum
586 2240 800 2267 consonum
828 2230 1036 2277 judicetur.

71 2359 561 2409 l.c2u¹.01³1·cslfon.x(J.
604 2362 668 2409 Ay.
715 2365 853 2409 mser.)
901 2363 1037 2401 fronde
1083 2364 1299 2401 dicliotoma
1346 2361 1600 2409 sabsastigiata

175 2427 347 2475 margine
392 2428 651 2478 integerrima,
690 2430 897 2477 segmentis
939 2430 1352 2479 cuueato-linearibus,
1384 2429 1600 2465 terminali-

178 2496 245 2532 bus
292 2505 420 2532 versus
462 2495 610 2544 apicem
656 2498 855 2534 attenuatis
902 2497 1066 2548 obtusis,
1111 2497 1257 2534 lxalidiis
1302 2497 1407 2533 disco
1454 2495 1599 2532 l'rondis

179 2562 379 2600 immersis.

159 2639 227 2672 Cal.
256 2640 419 2673 australis
443 2638 474 2672 J.
503 2638 560 2683 Ay.
589 2638 658 2683 1419.
686 2638 815 2674 Licbm.
837 2651 872 2684 p.
902 2643 955 2674 1¹3.

176 2711 262 2748 [lab.
295 2740 304 2749 .
337 2741 344 2748 .
376 2742 384 2750 .
416 2724 436 2748 c
466 2711 559 2749 mari
595 2712 744 2750 australi
780 2713 815 2749 iu
850 2712 913 2750 llb.
945 2714 1104 2760 Agardb!

158 2787 303 2820 Habitus
330 2787 401 2820 sere
428 2792 462 2821 et
489 2789 690 2828 magnitudo
719 2790 919 2823 Gracilarisn
947 2790 1156 2834 polycarpw,
1185 2794 1297 2834 qualis
1325 2794 1398 2827 luco
1426 2804 1443 2826 a
1465 2794 1597 2837 llarxcy

64 2846 98 2878 in
125 2844 262 2888 Phycol.
288 2845 358 2882 lab.
384 2845 448 2880 XV
471 2847 610 2890 depicta
637 2850 762 2882 exstat.
791 2848 1053 2893 Scxpollicaris,
1079 2850 1212 2885 inferne
1228 2854 1597 2894 angustiore-timeam
