1907 3004
256 162 309 201 13
324 162 345 199 t
914 146 1123 187 Graiium.
1542 137 1794 180 Ceramium.

258 293 345 328 Var.
381 302 418 327 α.
450 285 633 322 valiacum
664 281 837 318 strictum
868 277 1151 324 subsetaceum,
1181 272 1352 322 apicibus
1395 269 1554 307 summis
1600 267 1794 316 soi-eiputis

361 353 539 401 incurvis,
575 349 735 399 spinulis
774 346 952 385 omuibus
990 343 1234 392 verticillatis,
1273 337 1549 389 sphaerosporis
1580 335 1681 371 iuter
1711 332 1795 369 cilia

361 419 533 468 siugulis,
565 418 602 454 in
635 415 773 454 eodem
807 411 985 461 geniculo
1018 408 1137 447 5—7.

364 499 451 537 llab.
485 498 521 534 in
551 498 706 533 Oceano
740 491 918 529 atlantico
952 493 989 527 et
1019 488 1113 525 mari
1147 487 1432 523 mediterraneo
1464 485 1658 529 frequens.

260 581 347 617 Var.
378 577 422 631 β.
448 573 694 624 proliferum
727 573 814 618 [Ay.
846 580 903 616 sp.
930 579 969 616 p.
1020 565 1114 611 454.)
1155 565 1438 603 subssexuosum
1483 564 1689 607 setaceum,
1728 568 1797 594 su-

365 656 486 696 perne
527 641 688 690 repetite
731 640 980 685 incurvatum,
1018 633 1178 683 spinulis
1220 634 1506 678 segmentorum
1540 626 1796 664 terminalium

366 716 580 750 extrorsum
618 706 810 754 secundis,
845 701 1120 752 spliaerosporis
1158 701 1196 736 in
1235 698 1413 747 geniculo
1454 692 1665 733 subinermi
1707 693 1797 740 plu-

366 780 473 819 rimis
505 776 652 815 8—40.

349 859 484 900 Boryna
511 855 641 887 ciliaris
669 851 767 885 Grat.
796 853 886 887 (sec.
914 845 1134 890 specimenl)

369 928 456 966 Hab.
487 927 524 963 in
556 924 650 961 mari
683 922 969 959 mediterraneo
1001 920 1036 952 et
1068 915 1268 954 Adriatico.

351 1004 525 1045 Caespites
558 1001 657 1034 densi
692 997 986 1040 3—-4pollicai·es.
1043 992 1114 1025 Fila
1140 992 1175 1023 in
1202 998 1273 1022 var.
1301 1000 1334 1020 α.
1362 988 1560 1020 crassitiem
1598 985 1799 1026 capillarem

258 1072 381 1105 parum
421 1060 635 1102 superantia,
674 1059 708 1090 in
743 1065 815 1088 var.
853 1056 886 1094 β.
924 1058 1076 1093 setacea,
1117 1049 1316 1081 dicliotoma
1354 1047 1543 1089 fastigiata,
1582 1044 1695 1077 axillis
1721 1043 1803 1084 plus

260 1124 374 1155 minus
400 1117 617 1162 patentibus.
666 1115 800 1147 Ramuli
828 1111 983 1153 proliseri
1011 1107 1207 1140 abbreviati
1234 1104 1451 1138 subsecundi
1480 1105 1529 1140 (in
1558 1111 1628 1134 var.
1654 1104 1686 1142 β.
1715 1110 1803 1134 ame

260 1182 394 1213 tantum
433 1174 645 1216 observati),
683 1171 876 1212 segmentis
910 1167 1123 1200 conformes.
1172 1163 1359 1204 Segmenta
1388 1161 1582 1194 terminalia
1610 1161 1643 1192 in
1672 1169 1742 1193 var.
1769 1170 1802 1190 α.

260 1237 470 1270 brevissime
495 1235 658 1273 incurva,
685 1232 718 1263 in
745 1238 817 1262 var.
844 1230 876 1269 β.
901 1227 1110 1268 plerumque
1137 1223 1265 1255 eximie
1292 1222 1473 1254 incurvata
1500 1218 1681 1259 sorcipata.
1738 1217 1805 1248 Ar-

260 1295 360 1328 ticuli
394 1300 569 1326 ramorum
601 1287 852 1332 principalium
887 1285 1058 1317 diametro
1096 1281 1249 1324 2-4p10
1287 1281 1483 1319 longiores3
1524 1277 1684 1318 genicula
1723 1284 1805 1308 cor-

264 1355 380 1389 ticata,
421 1359 509 1384 zona
547 1347 708 1381 corticali
749 1345 958 1377 diametrum
995 1341 1044 1373 fili
1082 1341 1117 1373 in
1154 1348 1226 1371 var.
1259 1349 1293 1370 α.
1330 1339 1387 1369 vix
1412 1338 1585 1377 aequante,
1613 1337 1647 1367 in
1674 1344 1745 1367 var.
1773 1336 1805 1374 β.

263 1412 427 1453 aequante
453 1409 513 1441 aut
537 1406 745 1448 superante,
779 1403 968 1436 interstitia
994 1399 1169 1442 pellucida
1197 1397 1313 1429 medio
1343 1395 1445 1432 nuda,
1474 1396 1589 1427 saltim
1617 1393 1660 1426 ad
1686 1394 1806 1434 apices

263 1468 451 1512 aliquando
483 1467 594 1500 strato
626 1463 783 1496 corticali
817 1461 1027 1493 excurrente
1059 1457 1266 1490 tenuissime
1293 1454 1457 1486 obducta.
1511 1451 1667 1494 Spinulae
1692 1450 1808 1492 pellu-

265 1527 365 1568 cidae,
400 1523 491 1557 3-4
517 1524 674 1557 articulis
713 1521 930 1561 constantes,
970 1516 1198 1557 acutissimae,
1238 1514 1395 1546 articulis
1434 1512 1564 1544 infimis
1602 1509 1806 1551 majoribus,

266 1588 359 1619 circa
399 1583 562 1625 genicula
598 1581 750 1622 simplici
790 1579 882 1611 serie
920 1575 1151 1616 verticillatae,
1178 1581 1271 1605 nunc
1298 1570 1500 1611 subduplici
1526 1570 1631 1611 serie,
1659 1567 1809 1609 spinulis

266 1642 492 1676 inferioribus
531 1640 747 1680 minoribus,
786 1639 820 1670 iu
858 1645 929 1668 var.
962 1636 994 1675 β.
1030 1635 1065 1665 et
1091 1630 1279 1673 aliquando
1306 1631 1340 1662 in
1365 1641 1398 1661 α.
1426 1628 1575 1669 spinulae
1603 1626 1810 1666 segmento-

266 1712 344 1735 rum
382 1700 619 1734 terminalium
657 1701 692 1730 et
729 1695 1027 1739 prolificationum
1065 1691 1233 1723 interiore
1258 1689 1369 1721 latere
1395 1687 1572 1719 furcarum
1600 1683 1809 1716 desideran-

267 1763 333 1792 tur.
395 1757 660 1800 Sphaerosporae
699 1754 853 1796 simplici
891 1752 985 1784 serie
1023 1748 1255 1790 verticillatae,
1294 1747 1372 1788 plus
1411 1746 1527 1777 minus
1554 1742 1810 1785 prominente&

269 1821 303 1850 in
329 1826 401 1850 var.
430 1827 463 1849 α.
491 1825 570 1848 cum
609 1814 758 1856 spinulis
797 1812 1024 1852 alternantes,
1063 1808 1122 1840 vix
1161 1807 1195 1839 in
1233 1805 1358 1838 eodem
1395 1802 1557 1844 geniculo
1593 1801 1673 1842 plus
1706 1807 1810 1841 quam

270 1876 377 1918 5—63
404 1877 438 1907 in
465 1882 537 1906 var.
563 1875 596 1914 β.
625 1871 786 1913 genicula
825 1869 962 1911 fertilia,
988 1867 1196 1908 plerumque
1222 1865 1401 1905 inarmata,
1428 1861 1697 1901 sphaerosporas
1724 1865 1812 1889 con-

270 1935 384 1967 tinent
422 1932 527 1973 duplo
568 1930 842 1963 numerosiores.
894 1926 1042 1958 Favellae
1071 1925 1121 1965 (in
1147 1931 1218 1954 var.
1243 1923 1275 1961 β.
1305 1930 1325 1953 a
1352 1928 1405 1952 me
1432 1920 1567 1951 tantum
1595 1915 1812 1951 observatae)

272 1991 446 2032 lateraleS,
467 1990 598 2030 saepius
625 1989 658 2020 in
686 1984 1003 2028 prolificationibus
1031 1984 1121 2024 sitae,
1148 1980 1304 2013 ramellis
1331 1978 1432 2019 3-4,
1460 1977 1566 2017 duplo
1593 1973 1814 2014 longioribus

273 2049 515 2083 involucratae.

368 2106 438 2139 Sub
465 2106 606 2138 nomine
633 2102 736 2145 hujus
762 2101 892 2144 speciei
921 2099 1045 2132 affines
1072 2106 1212 2140 quoque
1239 2096 1513 2136 comprehensas
1538 2092 1648 2124 fuisse
1663 2091 1815 2132 species,

274 2168 362 2199 satis
388 2166 539 2206 constat,
566 2162 661 2201 Quas
689 2160 905 2202 separandas
932 2157 1079 2198 credidi,
1103 2156 1174 2197 jam
1202 2156 1304 2187 antea
1330 2154 1365 2185 in
1391 2151 1609 2184 Adversariis
1636 2147 1815 2189 separavi·7

275 2224 410 2265 llarvey
436 2222 579 2255 easdem
607 2220 686 2252 dein
713 2217 876 2250 iconibus
904 2216 1032 2248 eximie
1058 2214 1259 2246 illustravit.
1309 2210 1380 2243 Hoc
1407 2211 1485 2242 loeo
1514 2208 1701 2240 varietates
1727 2205 1815 2237 duas

276 2281 427 2323 sejunxi,
453 2288 541 2322 quas
569 2286 716 2310 examen
752 2276 952 2308 accuratius
979 2274 1037 2305 vix
1063 2273 1183 2313 specie
1210 2271 1396 2303 distinctas
1423 2265 1656 2300 confirmabit.
1706 2262 1817 2295 Diffe-

278 2341 408 2372 rentias
447 2347 490 2370 ex
529 2336 676 2378 spinulis
702 2336 830 2376 petitas
859 2343 876 2366 a
903 2333 981 2365 loco
1009 2331 1122 2364 natali*
1141 2329 1297 2371 pendere
1324 2327 1442 2360 eredo.
1500 2322 1817 2356 vehementissimo

278 2402 373 2432 fluxu
399 2398 581 2440 expositos
608 2396 775 2435 caespites
803 2394 893 2425 ciliis
922 2391 1034 2430 longis
1061 2390 1204 2421 ornatos
1240 2386 1322 2419 vidi.
1379 2385 1525 2427 Species
1553 2383 1670 2422 itaque
1696 2385 1818 2410 omnes

280 2457 419 2497 generis
460 2454 724 2487 Echinoceratis
751 2461 768 2483 a
795 2450 980 2489 Kutzingio
1020 2447 1243 2479 enumeratas
1283 2445 1386 2476 unius
1425 2441 1652 2484 ejusdemque
1686 2435 1817 2477 speciei

282 2515 423 2558 formas,
449 2515 506 2545 vix
532 2512 711 2544 varietatis
738 2506 886 2542 nomine
905 2504 1182 2547 distinguendas,
1208 2511 1350 2535 censeo.

284 2639 347 2678 20.
375 2631 860 2684 CER.FLABELL1GERUM[J.
903 2633 968 2680 Ay.
1007 2631 1170 2669 Adi-ers.
1212 2639 1251 2675 p.
1298 2624 1369 2670 27)
1414 2622 1551 2660 froude
1596 2619 1817 2657 subsetaceu

393 2707 609 2743 dichotoma
655 2707 692 2739 et
736 2702 942 2739 lateraliter
987 2710 1134 2736 ramosa
1184 2695 1298 2734 ramis
1344 2686 1821 2735 flabelluto-eorymbosis,

395 2772 602 2820 segmentis
645 2767 1043 2817 erecto-patentibus,
1088 2760 1349 2801 terminalibus
1395 2759 1569 2805 patenter
1613 2753 1820 2802 soreipaiis,

397 2839 564 2876 articulis
601 2835 848 2875 inferioribus
886 2835 1072 2871 diametro
1117 2822 1486 2876 sesquilongioribus
1531 2820 1820 2870 superioribus-

398 2916 471 2951 que
502 2904 621 2940 dense
667 2901 870 2950 curticulis,
902 2899 1049 2948 spinula
1080 2894 1269 2934 exteriore
1300 2893 1418 2929 latere
1450 2889 1596 2937 singula
1626 2886 1819 2925 articulata
