1907 3004
74 69 327 129 Gloe'opelle's.
711 72 958 117 GisiAliTmEAE.
1503 79 1528 118 2
1538 76 1596 119 35

72 206 174 243 riore
218 207 323 255 parte
368 205 498 242 tubum
544 205 765 254 primarium
805 206 970 255 cingunt.
1043 208 1143 246 Raini
1176 208 1221 245 ab
1252 208 1308 246 axi
1343 208 1496 257 obliquo
1528 220 1598 246 ex·-

71 277 289 322 currentes,
338 274 383 311 ad
429 276 554 310 ortum
600 286 698 323 saepe
743 274 979 325 tricliotoini‚
1025 277 1113 313 dein
1159 275 1390 326 dicliotomi,
1433 275 1600 312 articulis

70 340 316 387 cylindraceis
346 340 435 378 dum
468 342 598 379 tubum
631 346 872 392 pau-currunt,
903 344 1148 381 subroiundis
1165 344 1318 380 minutis
1336 343 1424 379 dum
1443 346 1600 379 stratum

69 408 349 456 periphericum
382 409 559 459 efficiunt⁷
591 411 796 447 constituti.
863 414 1022 448 Stratum
1058 412 1337 460 peripliericum
1369 410 1439 447 filis
1468 410 1601 447 moni-

68 473 282 512 liformibus
310 474 535 513 densissime
567 477 724 527 stipatis,
755 489 868 514 muco
901 478 1034 516 laxiori
1067 479 1258 529 involutis,
1288 480 1505 515 contextum
1534 479 1600 515 est.

177 542 377 580 Favellidia
410 544 445 580 in
480 544 594 581 ramis
626 545 772 582 frondis
803 545 1068 593 superioribus
1099 547 1261 595 evoluta,
1302 545 1396 582 intra
1428 544 1601 593 pericar-

70 610 174 659 pium
219 610 502 659 hemisphauice
533 613 734 660 elevatum,
773 612 842 649 tilis
883 612 1205 648 monilil‘ormibus
1236 612 1340 648 strati
1372 611 1601 660 periplierici

71 678 292 727 formatum,
340 679 599 726 carpostouiio
645 678 808 726 regulari
853 682 1071 727 pertusum,
1127 676 1346 716 nidulantia.
1429 678 1602 715 l'lacenta

69 744 246 781 centralis
289 744 395 782 adest
437 746 592 795 elevata,
629 758 648 782 a
686 745 800 782 ramis
839 744 1109 794 adproxiniatis
1142 745 1218 782 axis
1250 748 1438 783 constans,
1500 746 1602 782 Rami

72 811 228 848 flexuosi
270 810 315 847 ab
353 812 421 848 liac
463 815 684 861 excurrunt3
718 813 889 849 nonnulli
920 812 1067 849 steriles
1100 812 1325 849 fornicatum
1359 815 1497 848 tectum
1528 824 1603 860 pc-

71 876 223 924 ricarpii
271 878 492 928 sustentant,
537 877 599 914 alii
646 878 787 915 fertiles
832 878 1022 915 sterilibus
1065 877 1300 927 interspersi‚
1330 878 1367 915 in
1399 879 1603 926 gemmidia

69 944 219 982 abeunt.
293 945 502 982 Gemmidia
535 957 579 982 ex
610 946 776 982 articulis
807 947 944 983 borum
975 946 1126 983 filorum
1158 947 1332 994 formata,
1379 949 1416 982 et
1452 946 1604 994 singula

69 1011 219 1049 sacculo
253 1010 408 1063 inclusa,
440 1017 477 1050 at
507 1013 795 1062 compressione
827 1014 883 1061 (et
915 1015 1040 1051 forsan
1072 1014 1231 1062 repetita
1262 1013 1374 1050 unius
1397 1012 1603 1058 divisione)

71 1079 208 1117 ordine
239 1079 297 1116 vix
327 1080 566 1129 perceptibili
598 1081 753 1118 demum
787 1081 1240 1131 conglobata,irregulari
1262 1082 1380 1119 forma
1398 1079 1602 1126 angulatu-

71 1150 188 1185 ovata.
268 1146 430 1185 Nucleus
481 1147 609 1195 itaque
655 1149 759 1196 quasi
807 1148 978 1197 pluribus
1022 1148 1304 1185 confluentibus
1349 1146 1604 1197 compositus,

71 1214 171 1252 nulla
205 1215 398 1252 communi
428 1215 663 1265 membrana,
696 1215 885 1264 nullisque
917 1215 998 1252 fere
1029 1215 1098 1252 tilis
1129 1213 1386 1252 ambientibus
1418 1213 1604 1251 cohibitus

72 1281 308 1330 (pericarpio
354 1284 498 1319 tantum
543 1283 744 1329 inclusus).
825 1284 1104 1331 Spliaerosporae
1157 1283 1350 1333 oblongae,
1403 1281 1502 1319 inter
1545 1283 1605 1319 tila

71 1348 342 1386 iuoniliformia
388 1348 543 1386 densius
587 1361 744 1400 sparsae,
788 1350 984 1387 cruciatim
1028 1349 1165 1388 divisae.
1247 1353 1315 1387 [las
1362 1349 1397 1386 in
1445 1352 1604 1396 utraque

71 1416 200 1465 specie
231 1416 482 1465 deprehendi.

181 1486 307 1521 Genus
338 1486 525 1520 structura
559 1483 706 1521 frondis
737 1483 975 1522 Endocladiae
1007 1484 1238 1534 proximum,
1270 1488 1307 1522 et
1323 1483 1449 1534 hodio,
1468 1483 1605 1520 fructi-

71 1551 140 1588 bus
171 1550 281 1597 liujus
312 1549 480 1587 nonduin
515 1551 585 1587 rite
617 1551 791 1600 cognitis,
822 1551 1033 1588 differentia
1064 1554 1259 1589 structuras
1286 1551 1430 1588 frondis
1461 1551 1605 1598 digno-

71 1616 272 1667 sceudum3
298 1619 454 1655 stratum
486 1617 767 1665 peripliericum
800 1618 838 1654 in
870 1618 1098 1656 Endocladia
1129 1618 1248 1666 magis
1265 1617 1605 1667 solidescit,et1iia

71 1684 308 1734 periplierica
347 1687 434 1721 sunt
470 1684 722 1722 verticillatim
762 1697 922 1723 ramosa.
980 1686 1118 1734 ‘'l'ubus
1159 1686 1195 1722 in
1235 1685 1490 1735 Gloiopeltide
1523 1686 1602 1722 fere

71 1763 222 1802 vacuus,
253 1752 291 1789 in
322 1751 550 1789 Endocladia
581 1764 775 1790 ramorum
808 1753 968 1790 reticulo
1001 1753 1081 1790 fere
1114 1753 1301 1801 impletus.
1361 1755 1386 1790 A
1416 1754 1606 1790 Catenella

73 1823 111 1857 et
140 1819 342 1868 Gigartina,
380 1819 517 1868 quibus
555 1820 842 1868 quodammodo
883 1820 1139 1869 adproximari
1183 1819 1342 1871 videtur,
1373 1821 1430 1858 axi
1463 1831 1606 1858 mono-

73 1886 250 1937 siphonio
284 1886 428 1924 facilius
459 1886 715 1935 distinguitur.

79 2045 543 2090 ¹1.GL.1‹'URCATA(Post.
589 2049 627 2082 cc
671 2046 790 2093 liupr.
837 2045 895 2084 Ill.
940 2046 1020 2095 Alq.
1064 2058 1103 2095 p.
1155 2046 1219 2093 49)
1265 2058 1360 2083 nana
1407 2045 1608 2095 pulvinata,

184 2112 383 2150 frondibus
426 2125 444 2150 a
490 2115 613 2150 crusta
658 2113 801 2151 minuta
849 2114 1110 2152 erectiusculis
1156 2114 1396 2152 filiformibus
1428 2114 1607 2162 utrinque

184 2181 398 2231 attenuatis,
429 2181 665 2230 simplicibus
696 2185 760 2219 aut
789 2193 902 2230 parce
937 2183 1100 2221 furcatis.

169 2268 355 2301 Dumontia
381 2269 516 2302 furcata
543 2269 636 2303 Post.
663 2273 706 2303 et.
734 2270 842 2314 Rupr.
870 2271 890 2304 l.
918 2271 983 2304 c.!!
1006 2269 1106 2304 Isalz.
1133 2280 1184 2314 sp.
1211 2270 1282 2314 Aly.
1304 2280 1340 2314 p.
1369 2271 1445 2302 Ήε).

187 2351 272 2389 [lab.
306 2352 341 2389 in
374 2363 520 2390 oceano
551 2353 707 2401 pacifico
739 2353 1027 2402 septentrionali
1060 2353 1282 2400 (Mertensl)

169 2438 297 2474 Crusta
333 2441 466 2473 minuta
504 2440 740 2484 tanei-culoso,
779 2443 874 2474 saxis
913 2441 1106 2474 adliaercns.
1157 2441 1207 2474 Ex
1232 2441 1298 2473 hac
1325 2440 1466 2473 frondes
1493 2450 1608 2473 cmor-

76 2502 171 2542 guut,
197 2500 276 2541 plus
303 2500 416 2533 minus
444 2498 708 2540 adproximatae,
736 2499 985 2541 teretiuscuim,
1012 2500 1174 2540 utrinque
1202 2500 1403 2541 attenuatae,
1430 2498 1609 2539 simplices

78 2559 136 2590 aut
162 2557 216 2590 bis
242 2561 338 2591 terve
365 2557 522 2600 surcatae,
550 2558 656 2589 ramis
683 2557 896 2599 patentibus,
924 2558 1139 2597 longitudine
1167 2555 1455 2597 semipollicarcs.
1506 2555 1608 2589 Color

78 2622 350 2657 purpurascens.
399 2616 604 2649 Substantia
631 2617 867 2656 cartilaginea.
908 2634 950 2639 -
987 2616 1166 2649 Structura
1195 2617 1229 2647 ct
1255 2614 1512 2656 spliaerosporae
1540 2614 1609 2647 Go-

78 2674 187 2706 neris!

171 2731 250 2764 Sec.
289 2735 452 2766 auctores
494 2734 653 2766 laudatos
695 2734 887 2775 specimina
928 2733 1110 2775 pollicaria
1148 2741 1224 2765 raro
1266 2733 1466 2765 occurrunt.
1529 2730 1608 2764 lcon

79 2792 289 2823 structuram
328 2793 499 2824 internam
533 2793 725 2835 explicans,
754 2802 857 2835 quam
885 2792 1069 2834 dedorunt,
1095 2792 1177 2823 licet
1202 2800 1270 2824 non
1298 2789 1459 2823 omnibus
1486 2798 1611 2821 nume—

80 2847 126 2879 ris
165 2847 335 2893 absoluta,
373 2851 489 2884 tamen
517 2852 563 2884 ita
600 2851 668 2884 fida
695 2854 741 2895 ut,
770 2853 971 2894 comparata
999 2851 1250 2893 descriptione,
1277 2858 1387 2891 genus
1416 2856 1610 2890 agnoscere
