1907 3004
277 73 370 112 268
919 65 1168 108 GicanrixEAE.
1573 67 1811 125 quarlina.

281 204 371 242 Var.
403 200 566 250 uvifera
597 200 840 250 eystocarpiis
870 198 1406 248 botryoideo-agglomeratis.

367 278 449 319 Sph.
477 277 589 310 uvifer
615 276 710 320 Bory
736 276 841 322 Coqu.
869 287 904 311 n.
931 277 992 309 Gi!
1022 275 1106 317 (lide
1134 278 1275 319 synon.)

385 349 473 387 llab.
518 349 556 387 in
602 359 749 386 oceano
797 349 955 398 pacifico
1000 348 1045 386 ad
1092 347 1193 385 littus
1240 349 1413 388 Cliilense
1467 350 1701 397 (Cliamissol
1747 350 1810 388 llb.

276 419 432 465 Ilissol).

369 496 511 536 Caespes
549 494 733 527 intricatus
772 493 954 526 frondibus
992 493 1191 526 numerosis
1230 495 1454 538 constitutus,
1493 504 1535 528 ex
1562 495 1689 537 quihus
1723 505 1813 529 non-

276 555 379 587 nullae
411 553 627 595 prolongatae
661 553 828 585 eminent.
876 551 1033 584 Frondes
1063 551 1356 593 l—Gliollicare-s,
1386 554 1587 587 4-21i1ieas
1616 555 1707 598 latae,
1733 556 1813 597 pin-

275 615 382 647 natim
410 613 664 655 decomposita}
691 611 754 644 sed
781 611 867 643 satis
893 611 1116 651 irregulares.
1167 610 1285 643 Pinnae
1302 610 1486 644 inferiores
1502 611 1815 654 subhorizontales‚

275 672 477 712 superiores
514 671 676 710 patentes
714 678 898 711 supremas
940 669 1122 702 altitudine
1155 670 1339 711 aequantes
1367 671 1401 701 et
1427 678 1506 701 cum
1532 669 1586 702 his
1613 679 1709 711 saepe
1736 679 1816 702 cer-

275 732 454 763 vicornern
481 729 771 763 ramificationem
799 728 1018 771 aemulantes,
1047 737 1168 760 omnes
1191 728 1456 769 decompositae,
1473 727 1622 769 majores
1642 729 1816 760 minores-

277 797 344 830 que
382 789 608 822 intermixtae.
669 788 788 821 Pinnae
826 789 980 820 minores
1005 787 1233 829 pinnulaeque
1268 795 1361 819 nunc
1388 787 1569 828 simplices
1596 788 1631 818 et
1655 786 1731 819 basi
1759 789 1818 820 vix

276 849 400 881 latiore
439 848 779 890 lineari-subulatae,
824 855 916 880 nunc
954 846 1100 879 suroatae
1139 848 1199 879 aut
1235 846 1474 886 irregulariter
1511 845 1677 888 pinnatae,
1714 846 1818 877 ramis

277 907 476 948 pinnulisve
503 905 849 947 subdivergentibuS.
908 905 1135 947 Cystocarpia
1164 906 1197 936 in
1222 905 1340 946 pinnis
1367 905 1593 946 pinnulisque
1620 913 1818 946 numerosa,

278 965 465 1007 aliquando
504 965 726 1007 densissima,
765 964 866 1006 apice
903 964 1021 1006 pinnae
1058 963 1168 995 sterili
1206 971 1328 1005 parum
1357 964 1564 1004 conspicuo.
1615 962 1819 995 Substantia

279 1023 470 1055 exsiccatae
497 1023 737 1063 cartilaginea.

373 1079 517 1122 Species
544 1080 582 1113 G.
609 1081 726 1114 Teedii
753 1081 853 1113 valde
883 1080 1019 1123 adfinis,
1047 1082 1165 1112 tamen
1192 1079 1371 1122 distincta,
1398 1079 1590 1112 licetnotae
1606 1078 1819 1113 distinctivae

278 1147 373 1179 aegre
412 1138 654 1171 exhibeantur.
713 1138 903 1171 Character
940 1139 1145 1180 praecipuus
1184 1138 1219 1170 in
1245 1138 1478 1179 cystocarpiis
1506 1137 1704 1178 aggregatis
1729 1141 1818 1171 situs

280 1196 362 1229 mihi
396 1196 542 1239 videtur,
576 1205 645 1238 quo
673 1205 753 1229 cum
780 1196 1011 1238 sequentihus
1037 1196 1173 1229 duabus
1200 1196 1374 1228 convenit.
1426 1196 1651 1238 Cystocarpia
1680 1197 1713 1228 in
1739 1198 1820 1237 pin-

280 1256 333 1287 nis
361 1254 554 1287 minorihus·
581 1254 619 1287 G.
647 1254 765 1287 Teedii
790 1254 978 1297 aliquando
1005 1264 1146 1297 quoque
1171 1256 1282 1299 plura,
1310 1263 1376 1287 nec
1403 1257 1521 1288 tamen
1555 1264 1656 1298 aeque
1693 1264 1821 1297 aggre-

280 1316 370 1358 gata,
399 1316 433 1347 et
460 1316 493 1348 in
520 1314 676 1356 pinnulis
703 1314 775 1347 lere
803 1322 944 1355 semper
970 1314 1138 1347 solitaria.

281 1442 316 1480 9.
348 1444 387 1480 G.
420 1445 580 1480 LESSONn
613 1443 739 1491 [Bory
769 1439 890 1490 Coqu.
921 1453 958 1479 n.
993 1441 1061 1490 60)
1101 1441 1236 1480 fronde
1280 1452 1498 1491 compressa
1544 1441 1677 1479 lineari
1721 1442 1821 1480 irre-

392 1509 572 1556 gulariter
610 1509 796 1559 pinnatim
836 1509 1113 1561 decomposita,
1146 1509 1271 1558 pinnis
1302 1509 1469 1547 distichis
1500 1509 1822 1548 subliorizontali-

392 1576 474 1627 bus,
506 1576 675 1625 pinnulis
708 1577 902 1615 sterilibus
929 1577 1368 1626 lanceolato-subulatiS,
1390 1576 1574 1614 fertilibus
1592 1577 1824 1626 cystocai·pia

392 1643 437 1680 ad
470 1645 661 1692 margines
691 1646 853 1695 plurima
885 1645 1119 1693 gerentibus.

375 1720 654 1763 Sphaerococcus
679 1721 837 1756 Lessonii
862 1720 959 1765 Bory
984 1722 1005 1756 l.
1032 1722 1097 1756 ελ]
1120 1721 1230 1764 (exel.
1257 1731 1333 1764 syn.
1359 1722 1468 1763 omn.)

394 1792 481 1830 llab.
513 1792 558 1829 ad
592 1805 678 1832 oras
710 1794 906 1832 Chilenses
940 1792 1194 1841 (D'Urvillel).

375 1869 484 1902 Frons
523 1878 566 1902 ex
603 1871 705 1902 tereti
744 1878 961 1912 compressa,
999 1871 1037 1902 ut
1072 1871 1261 1912 plurimum
1300 1869 1400 1901 valde
1427 1872 1586 1913 angusta,
1618 1870 1822 1912 jugamento

282 1930 449 1970 primario
481 1929 610 1961 lineam
642 1929 723 1970 lato,
757 1930 898 1961 caeteris
925 1920 1202 1969 angustioribus.
1252 1927 1396 1960 Formas
1422 1929 1456 1959 in
1484 1929 1652 1960 ‹zaeteruin
1678 1931 1823 1962 antece—

283 1986 398 2019 dentis
436 1987 570 2028 speciei
608 1986 681 2020 sere
719 1988 896 2028 percurrit
933 1989 969 2020 et
1005 1986 1198 2020 ditficilime
1237 1986 1279 2019 ab
1319 1986 1385 2019 hac
1426 1987 1665 2032 distinguitur,
1700 1989 1822 2023 fronde

284 2047 459 2078 crassiore
487 2047 521 2078 et
547 2046 745 2079 substantia
771 2047 887 2079 minus
914 2046 1152 2087 cartilaginea.

376 2104 465 2146 Dory
505 2105 593 2138 hanc
631 2107 788 2148 speciem
826 2107 1031 2149 instituens,
1070 2107 1197 2147 partim
1236 2115 1315 2139 cum
1355 2105 1438 2147 Sph.
1478 2107 1706 2150 corniculato,
1745 2119 1823 2150 quae

285 2166 339 2196 est
365 2165 506 2205 species
532 2164 635 2205 longe
663 2164 915 2206 diversissima,
943 2166 1071 2206 partim
1097 2173 1176 2197 cum
1206 2164 1417 2206 quibusdam
1445 2164 1565 2197 formis
1582 2166 1824 2199 antecedentis

285 2221 478 2263 conjunxit.
528 2221 564 2254 Si
591 2222 705 2255 allata!
731 2222 784 2255 hae
813 2222 935 2255 formae
962 2223 1006 2255 ad
1032 2222 1116 2265 Sph.
1143 2222 1302 2255 Lessonii
1329 2223 1559 2266 pertinerent,
1587 2225 1682 2255 certe
1704 2226 1824 2266 specie

285 2281 327 2313 ab
357 2281 591 2314 antecedente
618 2290 686 2314 non
716 2281 884 2314 differret.
935 2282 1138 2324 Specimina
1165 2290 1246 2314 vero
1275 2289 1292 2314 a
1320 2280 1422 2314 nobis
1448 2282 1522 2314 visa
1548 2282 1704 2323 speciem
1725 2283 1824 2315 aliter

285 2339 649 2374 circumscribendam
675 2349 755 2374 esse
782 2342 990 2375 monstrant.

291 2455 346 2493 40.
379 2458 417 2493 G.
450 2459 635 2495 CuAuvixu
668 2458 794 2506 (Bory
823 2455 943 2506 Coqu.
976 2467 1012 2495 η.
1045 2456 1118 2503 58)
1151 2456 1288 2494 fronde
1320 2457 1431 2505 plana
1467 2455 1599 2494 lineari
1639 2454 1822 2504 pinnatiin

396 2524 659 2574 decomposita
706 2529 743 2563 et
781 2538 799 2563 a
832 2525 938 2562 disco
985 2524 1180 2574 prolilera,
1226 2524 1353 2573 pinnis
1397 2523 1564 2560 distichis
1609 2521 1824 2570 patentibus

396 2592 504 2640 apice
547 2593 736 2641 producto
775 2592 999 2643 sub-nudis,
1039 2592 1229 2629 sterilibus
1268 2591 1502 2641 lanceolatis,
1542 2588 1727 2626 fertilibus
1757 2600 1824 2636 cy-

399 2660 587 2708 stocarpia
629 2660 674 2697 ad
714 2660 906 2708 margines
948 2658 1109 2708 plurima
1142 2658 1377 2709 gerentibus,
1407 2657 1504 2695 soris
1534 2656 1823 2705 spliaerospora-

400 2737 482 2763 rum
513 2727 652 2765 lineam
683 2739 791 2765 secus
822 2727 1014 2776 margines
1045 2726 1335 2774 subcontiguam
1369 2723 1630 2763 formantibus.

382 2799 663 2841 Splurrococcus
701 2804 883 2838 Chauvinii
922 2802 1018 2847 Bory
1055 2803 1162 2848 Coqu.
1189 2813 1223 2837 n.
1252 2803 1294 2835 58
1321 2800 1389 2835 tab.
1415 2800 1477 2833 20!
1506 2800 1685 2843 (eximie),
1711 2799 1821 2835 Mont.

288 2857 339 2891 Η.
368 2856 477 2891 Bolia.
499 2869 535 2902 p.
563 2862 616 2894 ⁶29.
