1907 3004
226 91 252 130 3
261 92 287 130 8
886 82 1095 122 GERAinnAE.
1433 77 1766 123 Callichamm'on.

224 222 315 254 nulis
340 219 462 260 paucis
488 214 655 247 secundis
682 212 827 254 obsitoe,
857 213 976 254 pinnae
1015 214 1216 254 superiores
1245 213 1426 253 simplices
1453 220 1550 253 saepe
1581 213 1767 255 secundae,

225 287 347 311 omnes
374 286 392 308 a
417 275 492 305 basi
520 272 644 303 latiore
671 272 807 311 apicem
834 279 958 302 versus
985 272 1186 305 attenuatae.
1243 271 1389 304 Articuli
1416 270 1603 303 inferiores
1630 271 1767 303 diame-

225 340 277 368 tro
304 334 395 374 (iplo,
429 330 631 370 superiores
665 328 745 370 4p10
773 328 943 361 diametro
971 329 1161 369 longiores.
1211 329 1477 371 Sphaerosporee
1504 338 1598 362 nunc
1624 330 1660 361 in
1684 330 1768 370 pin-

224 395 278 426 nis
313 387 538 423 inferioribus
576 388 774 418 extrorsum
813 386 1004 427 pinnulatis
1046 389 1228 427 extrorsae,
1262 388 1415 420 nuncin
1442 387 1685 428 superioribus
1711 388 1768 419 in-

224 453 359 490 trorsae,
386 446 527 479 omnino
554 444 711 487 sess-iles,
739 444 1112 488 obovato-sphaericae,
1139 446 1311 486 triangulo
1337 445 1471 479 divisae.
1491 445 1768 487 Favellae2plu-

224 517 336 549 resve,
362 503 535 547 profunde
563 503 703 535 lobatae.

314 563 580 595 Ramificatione
618 562 709 593 inter
747 559 782 592 C.
821 569 963 592 roseum
1002 562 1037 593 et
1074 560 1111 593 C.
1150 562 1365 603 interuptum
1396 562 1615 595 intermedia.
1663 562 1702 595 A.
1731 560 1768 594 C.

224 631 326 655 roseo
353 621 455 653 Harv.
489 620 606 652 differt
642 620 759 660 pinnis
800 618 1026 652 inferioribus
1065 619 1295 662 longioribus,
1334 619 1512 652 rachidem
1550 621 1769 661 longitudine

222 678 532 721 subaequantibus,
571 677 830 718 spliaerosporis
872 679 1006 718 sparsis
1051 678 1086 709 et
1122 676 1243 709 forsan
1284 677 1430 721 favellis,
1470 688 1548 721 quae
1586 680 1620 711 in
1646 678 1769 711 (1.Γο-

223 747 284 771 seo
312 739 422 778 magis
455 736 665 778 rotundatae,
692 736 726 767 in
752 737 871 767 nostra
898 734 1189 767 eonion-lobatae.
1215 734 1254 766 A.
1292 734 1328 767 C.
1353 735 1523 777 Byssoide
1550 736 1771 776 dignoscitur

223 796 418 838 rigiditate,
456 794 599 827 ramulis
637 793 881 835 superioribus
918 793 1074 834 pinnatis
1115 794 1198 834 (nec
1235 793 1478 836 dichotomis),
1510 794 1769 835 sphaerosporis

224 853 422 895 sessilibus,
460 851 714 893 subspliaericis
753 853 788 883 et
823 853 958 892 sparsis
1003 856 1087 889 (nec
1124 851 1390 895 petiunculatis,
1437 852 1771 895 obovato-ellipsoi-

223 913 299 945 deis
325 911 516 951 introrsis).

564 1078 632 1110 Μ·
662 1079 823 1120 Fronde
852 1090 1024 1119 sursum
1055 1080 1173 1131 lonye
1204 1082 1424 1121 corticata.

223 1181 286 1220 34.
317 1186 354 1222 C.
385 1185 551 1220 GissAUDH
582 1184 719 1227 (Il'z'icz.
752 1193 810 1230 sp.
838 1193 878 1229 p.
912 1181 1010 1227 6236)
1044 1183 1183 1220 fronde
1215 1183 1465 1220 erectiuscula
1509 1184 1655 1221 alterne
1693 1185 1768 1222 de-

333 1250 746 1300 composito-pinnata,
784 1262 935 1288 sursum
975 1252 1090 1298 longe
1131 1253 1336 1300 corticata,
1378 1262 1504 1288 ramos
1550 1250 1769 1288 articulatos

334 1328 646 1366 quoquoversum
679 1318 920 1365 egredientes
951 1319 1237 1357 flaccidissimos
1261 1319 1402 1356 ambitu
1421 1319 1656 1357 lanceolatos
1673 1319 1768 1356 sub-

333 1385 511 1434 pinnatos
555 1385 664 1434 apice
709 1386 958 1432 corymbosos
1006 1387 1217 1436 emittente,
1264 1387 1431 1436 pinnulis
1483 1385 1767 1435 simpliciuscu-

336 1452 382 1489 lis
427 1453 567 1491 erectis
611 1453 770 1503 strictis,
816 1453 1090 1502 sphoerosporis
1134 1453 1322 1492 interiore
1369 1455 1604 1491 ramulorum
1621 1450 1768 1504 'blatere

335 1521 487 1569 sparsis.

317 1585 630 1619 Phlebothamnion
659 1586 814 1620 Giraudii
841 1585 945 1620 Jsz‘i‘tz.
973 1587 994 1620 l.
1021 1597 1049 1620 c.

336 1647 424 1684 Hah.
458 1648 495 1684 in
528 1647 655 1685 littore
687 1647 1003 1696 Galloprovinciae
1035 1647 1079 1684 ad
1110 1647 1263 1685 Antibes
1294 1647 1530 1696 (Girandyl).

318 1713 462 1755 Caespes
501 1713 803 1755 sesquipollicaris
841 1713 1079 1754 pulcherrime
1118 1716 1448 1747 roseo-coccineus.
1503 1715 1574 1747 Fila
1600 1716 1765 1756 primaria

225 1773 297 1805 sere
323 1775 478 1815 setacea,
504 1781 645 1804 sursum
671 1772 774 1812 longe
808 1773 991 1815 corticata,
1017 1772 1171 1804 ramulos
1199 1772 1404 1804 articulatos
1430 1773 1658 1804 tenuissimos
1685 1774 1767 1814 pin-

224 1831 333 1862 natim
368 1831 403 1862 et
440 1838 725 1871 quoquoversum
764 1830 972 1861 emittentia.
1031 1829 1163 1862 Ramuli
1202 1829 1336 1861 inferne
1375 1829 1578 1862 subalterne
1614 1831 1766 1873 pinnati,

225 1890 325 1931 apice
361 1886 641 1930 subcorymbosi,
681 1887 834 1919 ramellis
874 1887 1046 1927 elongatis
1081 1888 1214 1920 strictis
1242 1888 1381 1920 erectis.
1431 1889 1577 1920 Articuli
1604 1889 1638 1921 in
1666 1888 1766 1921 caule

224 1947 282 1978 vix
309 1945 505 1986 conspicui,
536 1944 572 1976 in
601 1945 718 1985 pinnis
751 1945 921 1976 diametro
948 1944 1099 1985 4-6plo
1127 1945 1318 1987 longiores,
1344 1945 1568 1986 pinnularum
1594 1947 1766 1978 termina-

224 2006 276 2037 les
303 2005 360 2036 vix
385 2002 577 2034 breviores.
634 2001 900 2044 Spliferosporae
928 2003 1093 2035 interiore
1119 2003 1230 2035 latere
1256 2004 1442 2044 pinnarum
1468 2011 1604 2045 sparsae
1631 2002 1765 2035 obova-

225 2064 281 2104 ιω,
308 2060 496 2103 aliquando
522 2061 566 2093 ad
594 2061 686 2093 idem
713 2062 914 2101 geniculum
941 2062 1103 2101 geminae.

319 2121 465 2162 Species
502 2119 640 2151 videtur
675 2121 864 2162 rarissima,
891 2120 1036 2160 pulchra
1063 2122 1097 2152 et
1123 2120 1300 2153 distincta.
1350 2119 1495 2152 Habitus
1522 2117 1595 2150 sere
1621 2117 1656 2150 C.
1681 2126 1765 2149 ver-

225 2178 387 2210 sicoloris
414 2179 449 2209 at
474 2178 679 2220 elegantior,
706 2179 805 2219 quasi
829 2176 1009 2218 juvenilis.
1066 2178 1101 2210 C.
1129 2187 1232 2210 roseo
1258 2178 1359 2210 Harv.
1386 2187 1430 2209 ex
1457 2185 1525 2209 una
1550 2177 1651 2219 parte
1677 2175 1763 2207 etC.

225 2237 420 2278 interrupto
458 2244 501 2268 ex
539 2236 647 2267 altera
691 2237 862 2277 proxima,
901 2235 944 2267 ab
983 2237 1129 2277 utraque
1156 2236 1255 2268 caule
1280 2236 1384 2276 longe
1411 2236 1582 2268 corticato
1613 2233 1763 2266 diversa.

224 2294 320 2327 Rami
348 2295 461 2327 stricti
489 2297 522 2327 et
552 2294 688 2326 artic-uli
716 2294 807 2333 longi
836 2293 1023 2326 admodum
1052 2294 1248 2334 elegantem
1274 2294 1422 2326 sormam
1448 2294 1478 2325 ei
1507 2292 1676 2325 tribuunt.

227 2363 288 2402 35.
321 2367 356 2402 C.
389 2367 558 2402 GAiLLoxi
590 2363 777 2409 (Crouan
808 2368 946 2410 mser.)
980 2366 1117 2402 fronde
1150 2365 1398 2402 erectiuscnla
1430 2365 1575 2401 alterne
1601 2363 1763 2399 decom·-

336 2431 644 2480 posilo-pinnata
688 2443 837 2469 sursum
885 2433 997 2480 longe
1043 2433 1243 2482 corticata,
1293 2432 1406 2469 ramis
1451 2440 1760 2478 quoquoversum

337 2499 624 2545 egredientibus
656 2500 819 2548 pinnatis
850 2500 958 2548 apice
992 2499 1488 2547 sascicalaio-corymbosis,
1520 2495 1645 2544 pinnis
1669 2506 1761 2531 oro-

337 2566 529 2603 clinscnlis
575 2567 759 2615 pinnatim
807 2567 1094 2618 decompositis,
1138 2565 1412 2617 splioerosporis
1451 2563 1494 2602 ad
1528 2562 1660 2611 pinnas
1691 2573 1760 2599 su·-

337 2634 510 2680 peiiores
543 2634 728 2672 interiore
760 2635 877 2671 latere
909 2635 1057 2683 sparsis.

319 2708 514 2741 Cei-amium
542 2711 688 2744 Gailloni
715 2711 861 2744 Gronau
885 2711 922 2744 in
947 2710 1113 2744 Desmaz.
1140 2709 1199 2742 Cr.
1224 2707 1284 2742 Fr.

320 2764 633 2802 l‘lilcbotliamnion
659 2770 805 2802 Gallioni
832 2768 933 2802 Ii'eilz.
959 2778 1010 2812 sp.
1035 2778 1069 2810 p.
1097 2766 1175 2800 652⁷».

338 2836 425 2872 llab.
458 2836 502 2872 ad
535 2838 657 2875 littora
688 2839 824 2876 Gallica
858 2839 1024 2876 Atlantici
1057 2837 1216 2886 Oceani,
1248 2838 1353 2873 Brest
1384 2834 1597 2880 (crouanl)
