1907 3004
249 83 310 126 82
911 76 1121 119 CERAMOEAE.
1535 76 1782 136 Griffitlzsz'a.

247 215 379 247 ramulo
417 212 552 251 singulo
590 208 714 242 fertilis
747 209 895 252 videtur,
923 211 957 241 et
981 209 1038 242 hic
1066 209 1176 243 forma
1208 211 1376 252 peculiari
1404 212 1618 254 instructus,
1645 210 1782 243 articuli

246 274 339 306 hunc
365 272 584 304 continantes
610 269 726 311 pauci,
753 271 788 301 et
814 267 932 300 forsan
959 268 1100 301 demum
1127 269 1344 302 delabentes.
1405 269 1538 302 Ramuli
1565 271 1682 310 itaque
1709 269 1784 301 sru-

247 330 359 362 ctiferi
386 327 565 361 sterilibus
597 327 800 369 dissimiles,
839 327 1025 359 transitum
1064 327 1222 361 indicant
1259 329 1303 360 ad
1330 330 1482 371 species,
1510 337 1656 371 quarum
1684 329 1785 359 invo-

245 389 341 419 lucra
367 388 401 418 in
427 386 560 419 ramulo
591 385 735 427 proprio
767 385 902 417 laterali
936 385 1133 418 terminalia
1165 387 1247 419 sunt
1272 389 1376 428 atque
1402 386 1619 419 umbellatim
1645 386 1679 418 iu
1707 386 1785 426 api-

246 453 286 476 ce
316 444 500 486 disposita.

247 572 281 610 6.
313 574 374 609 GR.
406 580 606 609 CAESPlTOSA
639 571 782 618 (Harv.
814 569 960 622 mser.)
995 570 1131 609 fronde
1159 571 1354 621 caespitosa
1374 572 1623 609 erectiuscula
1650 572 1787 610 diebo-

357 643 459 677 toma
490 639 685 690 fastigiata,
716 640 923 687 segmentis
950 639 1226 690 erectiusculis,
1244 639 1411 676 articulis
1428 639 1689 688 superioribus
1709 639 1783 676 ob-

354 706 478 754 longis
502 706 689 745 diametro
715 706 859 757 3-4p10
879 707 1130 757 longioribus,
1150 707 1335 745 fertilibus
1355 708 1622 757 pvriformibus
1640 709 1784 745 articu-

355 773 393 811 lo
411 774 582 812 solitario
612 775 833 813 abbreviato
865 775 1065 825 superatis,
1098 775 1195 813 intra
1226 775 1664 826 involucrum,ramellis
1689 776 1785 812 sim-

356 841 518 890 plicibus
549 842 778 880 abbreviatis
808 843 973 881 incurvis
1005 846 1196 893 constans,
1228 841 1509 893 spliferosporas
1541 843 1772 892 gerentibus.

361 932 450 970 Hah.
483 933 519 970 in
552 932 730 980 Falsebay
760 933 805 970 ad
837 936 925 982 Cap.
955 933 989 972 b.
1021 934 1107 982 Spei
1141 934 1343 981 (Ilarvevl)

340 1019 514 1063 Caespites
539 1020 814 1064 hemispbaerici,
843 1022 1055 1065 densissimi,
1082 1022 1565 1065 purpurei,sesquipollicem
1581 1024 1649 1056 alti.
1676 1023 1787 1056 Fron-

246 1080 308 1113 des
345 1082 421 1112 seta
458 1080 606 1121 porcina
645 1081 853 1121 crassiores,
892 1080 1385 1124 decomposito-dichotomae,
1422 1080 1621 1124 fastigiatae,
1648 1083 1789 1114 monili-

245 1139 404 1171 formiter
441 1138 646 1171 contractae.
708 1137 855 1171 Articuli
893 1138 1078 1171 inferiores
1105 1139 1317 1181 cylindracei
1347 1139 1389 1172 ad
1416 1141 1578 1180 genicula
1603 1142 1788 1184 contracti,

245 1198 448 1238 superiores
487 1195 646 1239 oblongi,
690 1204 824 1228 ramum
864 1197 1082 1229 sustinentes
1122 1196 1413 1241 subpyriformes,
1453 1206 1575 1231 omnes
1618 1199 1787 1231 diametro

245 1255 395 1297 3—4plo
422 1255 614 1295 longiores.
664 1254 760 1287 Rami
789 1254 924 1287 fertiles
950 1256 1074 1296 paucis
1101 1256 1261 1288 articulis
1288 1257 1490 1299 constituti,
1516 1256 1637 1289 ramuli
1661 1265 1787 1299 nempe

244 1315 400 1347 lateralis
439 1313 634 1346 abbreviati
674 1313 843 1346 articulus
881 1314 1098 1355 penultimus
1124 1314 1331 1356 plerumque
1359 1314 1485 1348 fertilis
1513 1315 1639 1358 evadit,
1666 1315 1787 1348 ultimo

245 1373 393 1406 articulo
427 1372 631 1405 abbreviato
670 1373 878 1414 coronatus,
918 1372 1087 1404 articulus
1125 1371 1261 1414 fertilis,
1296 1374 1353 1414 qui
1387 1381 1483 1414 saepe
1511 1374 1544 1405 in
1572 1373 1706 1405 ramulo
1733 1375 1790 1405 est

245 1432 397 1475 infimus,
430 1429 669 1473 pyr-iformiter
700 1431 851 1473 inflatus,
886 1429 975 1463 infra
999 1431 1201 1471 geniculum
1229 1431 1395 1464 ramellos
1421 1431 1594 1464 involucri
1623 1433 1788 1464 incurvos

247 1489 471 1522 abbreviatos
515 1489 698 1531 emittens,
742 1487 1011 1530 sphaerosporas
1049 1490 1085 1521 in
1122 1490 1199 1522 sinu
1241 1491 1332 1522 inter
1370 1490 1559 1531 utrumque
1603 1489 1788 1522 articulum

247 1558 386 1590 gerens.

339 1630 466 1664 Habitu
493 1629 570 1664 haec
595 1630 735 1672 species
761 1629 834 1662 fere
861 1629 918 1663 Gr.
945 1628 1165 1662 Schousboei
1192 1629 1388 1672 aemulatur,
1417 1638 1524 1670 quare
1551 1630 1585 1662 in
1599 1629 1695 1670 Algis
1712 1638 1788 1661 me-

245 1690 454 1724 diterraneis
481 1688 524 1721 de
563 1689 746 1730 utriusque
779 1688 1009 1721 similitudine
1049 1689 1084 1720 et
1121 1687 1240 1721 forsan
1281 1688 1465 1721 identitate
1505 1687 1788 1720 observationem

244 1749 393 1791 protuli,
418 1749 604 1790 utramque
631 1747 711 1780 dein
740 1747 924 1788 conjunxit
948 1746 1110 1787 Kiitzing.
1164 1746 1285 1789 Hodie,
1313 1746 1570 1788 speciminibus
1597 1746 1787 1779 fructiferis

245 1808 455 1849 observatis,
481 1806 572 1839 bene
598 1806 755 1839 diversas
782 1806 895 1838 video.
947 1805 1004 1838 Gr.
1032 1807 1222 1847 caespitosa
1249 1813 1329 1837 cum
1356 1804 1413 1837 Gr.
1441 1804 1654 1846 Opuntioide
1673 1804 1788 1847 quoad

245 1865 398 1898 fructum
425 1865 535 1905 magis
562 1865 743 1906 convenit,
770 1863 963 1897 verticillus
990 1872 1117 1905 nempe
1143 1863 1313 1896 involucri
1341 1864 1375 1895 in
1401 1865 1534 1897 ramulo
1562 1864 1696 1896 laterali
1724 1863 1789 1895 ab-

245 1923 403 1956 breviato
445 1924 609 1965 provenit
647 1923 790 1963 unicus,
818 1922 986 1954 articulus
1021 1921 1144 1954 fertilis
1172 1921 1441 1964 subpyriformis
1470 1921 1605 1964 evadit,
1631 1920 1693 1952 sed
1719 1919 1788 1963 hic,

245 1982 280 2013 in
305 1981 426 2022 specie
464 1980 626 2023 Capensi,
660 1980 808 2012 articulo
843 1981 946 2012 unico
974 1980 1148 2012 terminali
1176 1982 1377 2024 superatur,
1405 1979 1487 2012 dum
1515 1981 1550 2012 in
1577 1979 1789 2012 mediterra-

245 2048 312 2072 nea
338 2038 463 2071 fertilis
495 2039 664 2071 articulus
697 2037 768 2070 fere
805 2046 946 2079 semper
972 2038 1166 2070 terminalis
1193 2040 1254 2080 sit,
1282 2041 1451 2071 caeterum
1479 2038 1615 2070 articuli
1642 2037 1789 2070 inferio-

248 2104 305 2130 res
333 2097 376 2129 ad
403 2095 564 2137 genicula
591 2097 703 2136 magis
731 2096 986 2129 contrabuntur
1022 2097 1057 2128 in
1084 2096 1141 2130 Gr.
1171 2097 1360 2137 caespitosa
1388 2105 1491 2138 quam
1520 2097 1553 2128 in
1582 2095 1638 2127 Gr.
1666 2095 1789 2137 Opun-

245 2155 365 2189 tioide.
417 2154 472 2187 Gr.
502 2153 749 2187 confervoides
776 2153 890 2196 (Sulzr
914 2155 950 2186 in
977 2152 1145 2196 Reqensb.
1172 2152 1223 2186 Fl.
1252 2154 1385 2196 4840p.
1402 2154 1497 2196 2821),
1521 2161 1593 2185 sec.
1610 2152 1789 2192 fragmen-

246 2216 320 2247 tum
347 2223 366 2246 a
391 2222 447 2245 me
473 2214 598 2257 visum,
625 2222 643 2246 a
668 2215 789 2256 specie
817 2213 1019 2255 Harveyana
1057 2214 1114 2246 vix
1153 2212 1281 2245 differt.
1338 2211 1447 2254 Hujus
1473 2213 1571 2253 prius
1598 2211 1788 2253 descriptae

246 2281 374 2305 nomen
413 2272 531 2304 forsan
569 2271 808 2313 adoptandum
848 2271 983 2313 fuisset,
1025 2270 1254 2305 sedrnomen
1286 2279 1409 2312 parum
1438 2273 1558 2311 aptum
1585 2269 1788 2312 Harveyano

245 2331 444 2373 postposui.
504 2329 621 2371 Longe
661 2332 741 2363 ante
773 2329 938 2362 Subrium
972 2329 1212 2371 Harveyanam
1245 2329 1399 2371 plantam
1437 2329 1502 2362 sub
1538 2330 1678 2362 nomine
1707 2328 1788 2361 dato

246 2389 406 2432 cognovi,
433 2389 560 2431 aliique
587 2389 663 2422 sine
691 2387 796 2421 dubio
825 2389 998 2422 viderunt.

247 2515 282 2555 7.
313 2519 374 2554 GR.
407 2519 645 2555 OPUNTloinES
677 2511 739 2565 [J.
770 2517 837 2563 Ay.
871 2515 951 2564 Alq.
983 2514 1080 2553 med.
1108 2527 1146 2564 p.
1179 2513 1252 2562 76)
1287 2514 1422 2553 fronde
1461 2513 1656 2563 caespitosa
1695 2525 1786 2551 ere-

358 2584 537 2621 ctiuscula
570 2583 790 2621 dicliotoma
822 2585 1020 2634 fastigiata,
1063 2585 1270 2631 segmentis
1308 2582 1582 2632 erectiusculis,
1620 2583 1787 2619 articulis

358 2649 622 2700 superioribus
665 2650 840 2698 oblongis
882 2651 1072 2688 diametro
1114 2650 1284 2699 4—6plo
1316 2647 1567 2698 longioribus,
1599 2649 1787 2686 fertilibus

358 2717 628 2765 pri-isoimibus
674 2718 711 2754 iu
758 2719 904 2756 raniulo
956 2718 1175 2755 abbreviato
1228 2715 1503 2765 terminalibus,
1550 2716 1644 2753 intra
1675 2716 1787 2753 invo-

360 2785 520 2834 luerum,
552 2785 718 2822 ramellis
748 2785 983 2834 simplicibus
1014 2783 1238 2822 abbreviatis
1269 2782 1434 2821 incurvis
1452 2785 1644 2832 constans,
1661 2782 1786 2831 sphae-

360 2859 539 2898 rosporas
571 2851 802 2898 gerentibus.
