1907 3004
223 70 249 111 3
258 70 316 110 22
865 58 1114 102 GicAnTmEAE.
1408 55 1759 114 Gymnoqonqrus.

334 198 420 237 llab.
453 196 498 234 ad
529 198 616 244 Cap.
649 193 685 232 b.
717 193 803 242 Spei
838 192 1055 239 (Harveyl).

315 275 423 307 Frons
458 273 599 305 circiter
630 270 914 313 2—3120llicar'is,
942 269 1077 302 inferne
1104 269 1194 301 linea
1221 270 1324 302 latior
1350 270 1521 304 distanter
1548 269 1759 313 dieliotoma,

222 343 373 377 superne
392 330 625 365 divisionibus
641 329 866 362 creberrimis
893 327 1064 361 multifida
1079 329 1113 360 et
1136 327 1321 372 flabellata,
1349 328 1495 361 flabellis
1524 330 1673 362 invicem
1704 330 1760 361 in-

222 390 470 426 cumbentibus
498 392 533 422 et
558 389 751 429 segmentis
780 386 1022 420 terminalibus
1056 387 1264 429 plerumque
1291 387 1552 427 angustioribus
1579 387 1760 429 plurimis-

222 461 302 494 que,
331 457 507 482 ramorum
535 448 672 489 apicem
702 445 951 488 corymbosum
978 444 1221 478 reddentibus.
1258 445 1378 479 Axillae
1406 449 1531 480 acutat.
1571 445 1759 485 Segmenta

222 508 417 541 terminalia
444 506 584 539 caeteris
609 505 818 546 plerumque
845 503 1153 546 semiangustiora,
1181 504 1281 545 apice
1308 503 1495 537 rotundato
1522 505 1582 536 aut
1608 504 1760 543 emargi-

222 569 302 600 nata
340 565 577 599 crennlatave.
647 563 876 605 Cystocarpia
920 561 1009 594 infra
1049 562 1168 603 apices
1207 563 1469 602 segmentorum
1508 562 1662 594 solitaria
1702 563 1762 593 aut

222 633 347 668 pauca,
373 621 714 664 subliemispliaerice
743 620 954 663 prominula,
981 621 1126 663 minuta,
1153 621 1191 653 ut
1215 620 1249 652 in
1266 621 1404 653 caeteris
1420 619 1610 661 speciebus
1626 619 1765 660 generis

223 684 438 717 constructa.
488 680 691 714 Substantia
721 678 1179 712 membranaceo-carnosa.
1230 679 1332 712 Color
1358 686 1569 721 purpureus.

318 741 444 774 ldaeam
470 739 572 781 liujiis
599 740 733 780 speciei
761 738 942 771 meliorem
970 739 1027 771 vix
1056 737 1139 770 dare
1164 739 1351 781 potuerim,
1386 746 1490 780 quam
1518 746 1596 781 quae
1622 735 1765 769 Turneri

222 800 306 833 Fuci
345 797 591 841 spermopliori
632 797 712 830 data
751 799 853 830 icone
893 797 1021 838 (ligura
1060 797 1203 838 dextra)
1243 797 1482 839 concipiatur,
1511 795 1604 828 frons
1631 796 1766 827 tantum

223 857 358 890 inferne
384 856 486 889 latior
513 865 617 898 quam
644 856 736 898 apud
762 856 954 889 Tui-nerum
980 857 1147 898 pingitur.
1197 854 1338 888 leonem
1364 857 1482 888 tamen
1509 854 1551 887 ad
1576 854 1666 887 hanc
1681 861 1766 894 spe-

224 918 314 950 ciem
350 917 528 958 pertinere
552 924 622 948 non
656 923 774 957 posse,
803 913 939 947 fructus
966 914 1118 956 adpositi
1146 913 1307 947 suadent.
1359 913 1585 956 Cystocarpia
1613 913 1704 945 enim
1732 912 1767 942 in

227 976 348 1007 nostra
374 974 465 1006 bene
492 973 630 1007 evoluta
656 973 785 1005 adsunt
810 972 950 1004 omnino
979 971 1145 1013 Generis-7
1171 971 1390 1004 nematliecia
1417 979 1498 1004 vero
1526 971 1630 1004 nulla.
1676 969 1767 1011 Spe—

225 1035 298 1067 cies
324 1034 538 1067 Turneriana
564 1032 700 1065 fructus
729 1030 969 1073 Pliyllopborae
998 1030 1199 1063 subsimiles
1225 1029 1355 1062 habere
1381 1029 1531 1063 videtur.

317 1090 411 1123 Inter
437 1091 576 1133 species
603 1090 743 1130 generis
771 1088 815 1121 ad
842 1087 878 1120 G.
907 1089 1137 1128 glomeratum
1164 1087 1281 1120 forsan
1297 1087 1457 1128 proxime
1479 1088 1628 1133 accedit,
1645 1086 1767 1122 fronde

224 1150 496 1183 membranacea
521 1148 624 1191 plana
653 1150 689 1181 et
715 1147 969 1180 ramilicatione
997 1146 1039 1179 ab
1067 1146 1131 1179 hac
1159 1146 1344 1180 recedens.

231 1253 289 1292 Μ.
322 1256 361 1291 G.
393 1261 622 1291 GLOMERATUS
653 1251 707 1297 (J.
739 1251 804 1300 Ay.
836 1251 918 1288 Ace.
950 1249 1071 1287 Helm.
1104 1241 1259 1298 Ofvers.
1304 1248 1406 1287 4849
1442 1259 1480 1296 p.
1520 1247 1591 1296 88)
1631 1247 1768 1286 fronde

337 1320 490 1358 inferne
521 1319 841 1369 ancipite-plana,
874 1329 1042 1367 superne
1073 1317 1301 1355 densissime
1333 1317 1552 1354 dicliotoma
1582 1316 1769 1354 flabellata

338 1388 535 1438 fastigiata,
566 1387 724 1425 flabellis
757 1386 920 1424 invicem
951 1385 1070 1422 dense
1102 1383 1414 1422 incumbentibus
1446 1383 1768 1429 sub-imbricatis,

338 1455 545 1505 segmentis
591 1453 824 1492 brevissimis
863 1452 1084 1503 linearibus,
1122 1451 1385 1490 terminalibus
1424 1452 1533 1500 apice
1566 1451 1770 1490 crenulatis

337 1522 603 1571 subrecurvis,
649 1520 896 1570 cystoearpiis
940 1521 985 1558 ad
1031 1523 1226 1569 segmenta
1274 1518 1487 1557 terminalia
1531 1519 1769 1569 numerosis,

337 1591 623 1640 liemispliaerice
656 1590 693 1628 in
726 1601 799 1628 una
830 1589 964 1639 pagina
997 1587 1317 1638 prominentibus,
1348 1588 1465 1625 altera
1496 1588 1618 1637 plana.

321 1669 504 1702 Chondrus
532 1668 695 1710 capensis
722 1666 825 1700 Kritz.
851 1676 902 1710 sp.
923 1676 960 1709 p.
989 1666 1055 1698 738
1084 1665 1237 1707 (exclus.
1264 1662 1388 1707 syn-J?

322 1728 405 1770 Sph.
432 1728 644 1768 norvegicus
671 1725 729 1770 Ay.
756 1725 811 1769 Sp.
841 1725 975 1768 (quoad
1001 1725 1148 1768 specim.
1176 1723 1389 1767 capensialj.

339 1798 430 1836 Ilab.
463 1798 499 1836 in
532 1797 627 1835 mari
661 1796 813 1834 australi
844 1796 889 1834 ad
922 1800 1006 1844 Cap.
1040 1795 1073 1833 b.
1107 1795 1187 1844 spei
1220 1794 1415 1843 (Lalandol
1446 1794 1610 1843 l’appel)

322 1875 446 1917 Caepes
472 1874 545 1906 sere
571 1874 797 1916 glomeratus,
825 1872 998 1905 diametro
1025 1872 1169 1904 circiter
1195 1871 1367 1912 pollicari.
1420 1869 1531 1902 Frons
1558 1870 1769 1903 densissime

230 1932 432 1965 dichotoma
469 1930 926 1973 decomposito-ssabellata,
966 1929 1104 1963 flabello
1144 1938 1284 1972 quoque
1324 1929 1495 1970 proximis
1533 1928 1769 1971 incumbente,

230 1993 277 2024 ita
313 1993 352 2023 ut
389 1990 485 2023 srons
522 1991 593 2022 tota
633 1989 787 2031 undique
823 1988 1005 2021 imbricata
1033 1988 1170 2021 evadat.
1220 1987 1408 2028 Segmenta
1438 1986 1603 2020 inferiora
1629 1989 1772 2029 sesqui-

230 2051 359 2082 lineam
397 2047 468 2081 sere
505 2049 587 2091 lata,
621 2048 803 2090 superiora
830 2047 958 2080 lincam
987 2048 1175 2090 aequantia,
1201 2047 1348 2078 linearia
1375 2047 1434 2079 aut
1459 2046 1584 2079 leniter
1610 2049 1770 2088 cuneata,

228 2110 321 2141 inter
358 2106 548 2140 divisiones
587 2106 644 2138 vix
685 2106 812 2137 lineam
851 2105 972 2147 longa,
1009 2104 1207 2137 terminalia
1238 2104 1375 2145 obtusa,
1403 2104 1504 2146 apice
1530 2103 1710 2136 crenulata
1736 2105 1772 2135 et

231 2174 390 2199 recurva.
452 2165 678 2207 Cystocarpia
718 2165 752 2196 in
791 2171 858 2196 una
895 2164 1024 2204 pagina
1059 2163 1319 2206 liemisplierice
1344 2164 1592 2207 prominentia,
1618 2163 1662 2196 ad
1688 2171 1771 2203 seg-

231 2225 347 2256 menta
388 2224 569 2264 superiora
608 2230 808 2265 numerosa,
848 2221 915 2254 illis
947 2220 1012 2266 Ch.
1052 2222 1231 2262 norvegici
1269 2222 1327 2254 vix
1366 2220 1510 2263 majora.
1569 2219 1771 2252 Substantia

232 2284 405 2315 coriacea.
1131 2311 1133 2313 ,

324 2342 351 2373 Α
378 2341 522 2383 reliquis
563 2338 752 2382 speciebus
785 2338 977 2380 glomerata
1004 2337 1115 2371 forma
1142 2338 1341 2380 caespitum,
1368 2339 1403 2369 et
1429 2336 1620 2377 segmentis
1649 2335 1771 2367 termi-

232 2397 370 2431 nalibus
396 2400 497 2440 apice
525 2398 715 2431 crenulatis
743 2399 778 2430 et
803 2397 1039 2431 subrevolutis
1067 2396 1196 2431 differt.
1258 2395 1293 2428 ln
1320 2398 1488 2429 caeterum
1515 2403 1596 2429 vero
1624 2397 1769 2445 antece-

234 2456 397 2490 dentibus
424 2457 499 2489 sine
527 2456 632 2489 dubio
659 2456 831 2498 proxima.

234 2612 334 2645 *kik*
366 2614 524 2657 Fronde
555 2614 829 2657 cerelz'usculct
859 2614 1136 2666 cyscocmpiz's
1175 2611 1488 2664 hemisphoerice
1517 2611 1769 2662 prominen-

806 2682 917 2724 tibus
960 2691 1201 2724 verrucosa.

241 2771 298 2811 12.
331 2775 371 2810 G.
403 2782 624 2813 pomcranos
658 2775 792 2821 [Ji'nez.
824 2785 880 2823 sp.
908 2785 946 2823 p.
978 2770 1078 2822 737)
1119 2771 1258 2811 fronde
1296 2769 1490 2819 caespitosa
1529 2768 1769 2806 teretiuscnla

347 2841 639 2892 subcompressa
669 2841 1105 2891 dichotomo-sastigiata
1136 2843 1173 2879 et
1201 2836 1436 2879 secundatim
1459 2835 1646 2885 prolisera
1671 2834 1770 2873 irre-
