1907 3004
74 75 405 120 Callitlzammon.
738 72 946 115 (harmini).
1552 80 1606 118 19

79 208 139 244 40.
172 210 208 244 C.
240 214 455 244 FLORfflULUu
487 204 637 249 (Dillio.
669 203 781 253 Cous.
816 207 904 252 Syn.
933 217 973 253 p.
1003 203 1076 253 73)
1108 207 1506 257 globoso-czespitosa,
1538 209 1607 245 lilis

182 273 415 312 tenuissimis
453 283 566 321 parce
601 271 841 321 (licliolomis,
881 273 993 310 ramis
1025 273 1372 322 erecto-adpressis
1401 273 1607 324 fastigiatis,

181 340 334 378 ramulis
372 338 578 376 fructiferis
618 338 851 376 inm-issimis
882 350 991 376 secus
1021 340 1260 388 superiorem
1294 344 1437 388 partem
1468 341 1606 379 subse-

180 408 327 457 cundis,
358 406 633 455 spliaerosporis
667 406 703 443 in
737 408 882 444 ramulo
915 407 1076 444 indiviso
1117 408 1377 446 terminalibus
1415 408 1604 447 solitariis.

163 484 260 518 Cous.
286 484 447 517 floridula
470 482 585 516 Dillio.
613 483 633 516 l.
661 494 690 517 c.
720 483 787 516 tab.
815 482 932 526 Suppl.
958 483 1005 516 F!

162 543 298 576 Callith.
336 542 534 575 floridulum
571 541 630 584 Ay.
669 551 720 585 sp.
749 552 783 585 p.
813 544 891 575 1188.
919 541 1025 575 llarv.
1052 551 1146 576 man.
1169 552 1205 585 p.
1235 544 1298 574 44ss
1325 544 1358 575 et
1384 541 1487 585 I’ltyc.
1515 540 1603 576 Brit.

71 600 140 635 lab.
170 603 231 634 ⁴20
259 600 305 633 A!
327 599 430 633 Ii'zltz.
456 608 506 643 sp.
531 609 567 642 p.
594 599 675 632 6401

165 660 303 692 Exsicc.
337 656 447 700 Wyall
473 657 602 691 Darem.
628 657 694 691 N.·0
721 658 804 690 ele!

181 731 267 768 Ilab.
313 730 351 768 in
398 731 553 779 rupibus
596 742 712 767 arena
757 728 933 766 obductis
970 728 1014 764 ad
1058 728 1182 765 littora
1213 729 1350 776 Angliae
1382 731 1538 778 (Ralfsl)
1569 735 1606 768 et

71 799 194 836 Galliae
225 800 316 846 (sec.
347 799 515 844 Harvey).

164 874 334 916 Caespites
373 872 856 916 rotundato-hemisphaerici,
894 873 967 905 fere
992 873 1156 915 pollicem
1195 873 1264 915 alti,
1292 873 1358 906 filis
1386 875 1603 907 tenuissimis

70 933 294 974 irregularius
321 931 529 964 dichotomis
557 931 744 970 fastigiatis
770 932 965 964 constituti.
1023 931 1118 963 Rami
1145 932 1260 973 pauci,
1288 931 1451 974 elongati,
1479 933 1603 974 stricti,

70 990 384 1033 erecto-adpressi‚
424 989 466 1021 ad
505 990 625 1030 apices
664 990 937 1022 numerosiores.
987 989 1120 1022 Ramuli
1150 989 1320 1022 fructiferi
1347 991 1381 1021 in
1409 991 1516 1022 ramis
1542 1000 1604 1022 su-

68 1048 265 1090 perioribus
304 1047 461 1088 secundi,
499 1048 762 1089 simplicissimi,
800 1048 1001 1088 pedunculo
1042 1049 1130 1080 4—02
1168 1047 1351 1079 articulato
1386 1050 1603 1089 constantes,

68 1106 350 1147 spliaerosporam
388 1106 578 1137 solitariam
617 1105 835 1137 terminalem
873 1106 1064 1146 (triangulo
1104 1105 1269 1147 divisam,
1310 1113 1383 1138 sec.
1451 1105 1602 1147 Harrey)

68 1166 242 1205 gerentes.
303 1162 447 1196 Articuli
490 1163 659 1195 diametro
701 1163 849 1204 3—5plo
888 1163 1078 1205 longiores,
1105 1163 1139 1194 in
1166 1164 1348 1195 exsiccata
1373 1162 1415 1195 ad
1442 1163 1603 1202 genicula

67 1222 250 1253 contracti.
309 1220 411 1254 Color
443 1221 632 1253 exsiccatae
657 1229 870 1264 purpureus,
897 1221 1033 1254 inferne.
1059 1221 1239 1254 subviride
1266 1223 1414 1263 pallens.
1466 1222 1602 1255 Chartae

67 1280 181 1313 minus
207 1279 374 1312 adhaeret.

164 1348 311 1390 Species
342 1357 415 1382 sec.
454 1348 588 1391 Harvey
623 1349 659 1382 in
697 1349 813 1382 littore
852 1349 1062 1382 occidentali
1101 1349 1276 1382 Hiberniae
1305 1349 1602 1394 frequentissima,

68 1416 173 1449 rupes
210 1408 312 1448 longe
342 1407 482 1449 lateque
522 1407 728 1450 caespitibus
754 1408 923 1450 pannosis
950 1408 1133 1451 obtegens,
1161 1407 1301 1441 demum
1328 1408 1540 1449 aegagropila
1567 1408 1601 1440 in

68 1467 164 1499 littus
191 1465 332 1507 reJecta.

160 1535 194 1568 C.
223 1536 418 1568 floridulum
445 1535 575 1578 Lyngb.
603 1538 658 1568 est
680 1536 804 1569 habitu
836 1538 884 1569 ita
923 1537 1111 1579 diversum,
1150 1538 1188 1569 ut
1225 1536 1418 1569 identicum
1455 1535 1601 1569 credere

68 1599 136 1624 non
161 1594 353 1635 potuerim,
378 1601 444 1625 nec
468 1592 559 1626 bene
586 1602 664 1626 cum
692 1595 758 1627 alia
783 1596 904 1636 specie
930 1594 1012 1627 mihi
1035 1596 1118 1627 nota
1133 1594 1429 1636 conjungendum.

141 1748 242 1780 Μ*
273 1751 461 1801 Majw'es
491 1753 717 1801 intricatae,
749 1751 943 1793 articulis
974 1751 1030 1792 ad
1055 1752 1248 1804 qenicula
1277 1752 1521 1792 contracti&

71 1863 128 1901 ll.
160 1867 197 1904 C.
228 1874 435 1903 lNTRlCATUM
466 1867 551 1912 [Ay.
584 1866 686 1914 Syst.
714 1877 754 1913 p.
791 1865 887 1910 432)
932 1866 1003 1903 filis
1047 1865 1235 1914 primariis
1281 1867 1501 1916 repentibus
1548 1867 1598 1916 ΓΖ]

177 1933 411 1970 secundariis
441 1934 701 1982 maximopere
732 1934 914 1971 intricatis
946 1944 1035 1982 vage
1069 1934 1239 1984 ramosis,
1271 1934 1384 1971 ramis
1413 1934 1601 1972 divarica-

176 1999 473 2050 to-patentibus,
504 2001 670 2038 articulis
707 2001 751 2037 ad
791 2001 962 2048 genicula
1007 2001 1211 2038 contractis
1253 2001 1441 2040 diametro
1482 2003 1599 2052 duplo

176 2066 427 2117 longioribus,
457 2068 730 2116 spbaerosporis
762 2099 770 2106 .

158 2141 352 2175 Ceramium
380 2145 578 2177 intricatum
604 2144 663 2189 Ay.
689 2145 710 2179 l.
738 2155 766 2179 c.

159 2199 292 2232 Callith.
319 2203 519 2235 intricatum
544 2202 601 2246 Ay.
627 2212 678 2245 sp.
700 2213 738 2246 p.
768 2204 844 2236 482.
869 2203 972 2237 liutz.
999 2213 1050 2248 sp.
1072 2214 1107 2248 p.
1134 2204 1211 2238 640.

177 2270 264 2307 Hab.
297 2271 396 2308 inter
424 2274 529 2320 Algas
559 2275 724 2321 majores
755 2276 939 2327 intricata,
970 2277 1013 2314 ad
1046 2278 1167 2315 Gades
1197 2277 1495 2326 (Cabreral);ad
1514 2289 1599 2315 oras

67 2336 191 2373 Galliae
225 2339 317 2382 (see.
350 2340 482 2384 Kritz.)

160 2412 303 2455 Caespes
328 2415 385 2447 vix
411 2416 549 2447 unciam
577 2417 678 2449 altus.
741 2418 810 2451 Fila
839 2420 965 2460 capillo
991 2421 1151 2453 tenuiora
1177 2422 1328 2453 maxime
1354 2421 1517 2454 intricata
1532 2422 1598 2461 (ita

66 2472 104 2503 ut
140 2479 205 2503 nec
241 2471 337 2504 basis
374 2481 440 2505 nec
477 2475 596 2515 apices
630 2476 793 2509 extricari
832 2480 1011 2520 possunt),
1041 2479 1278 2519 irregulariter
1304 2487 1453 2511 ramosa.
1502 2478 1598 2511 Rami

66 2528 259 2570 ramulique
297 2529 489 2563 divaricati.
552 2533 696 2564 Articuli
735 2533 904 2566 diametro
939 2535 1043 2576 duplo
1071 2536 1260 2578 longiores,
1287 2537 1528 2569 exsiccatione
1555 2537 1598 2569 ad

66 2586 226 2626 genicula
258 2588 430 2622 contracti
468 2589 704 2633 obscuriores,
732 2592 764 2623 in
792 2592 908 2624 medio
934 2593 1170 2633 perlucentes,
1221 2593 1323 2626 Color
1348 2594 1504 2636 caespitis
1532 2593 1598 2626 ob-

65 2651 168 2675 scure
193 2653 403 2689 purpureus,
429 2646 563 2679 filorum
592 2647 656 2681 sul)
684 2649 776 2681 lente
803 2651 1011 2690 variegatus.
1061 2650 1266 2684 Substantia
1292 2652 1530 2692 rigidiuscula.

158 2712 451 2759 Descriptionem,
485 2718 518 2749 in
560 2716 662 2759 Spec.
696 2718 769 2759 Alg.
803 2719 929 2762 datam,
968 2720 1040 2753 fere
1074 2723 1300 2764 transscripsi
1328 2723 1471 2765 plantfe,
1497 2721 1596 2763 cujus

67 2771 206 2803 unicum
239 2775 373 2806 tantum
406 2777 588 2817 specimen
623 2777 703 2809 vidi.
759 2777 995 2820 Sequeniibus
1034 2780 1150 2822 quoad
1178 2780 1399 2814 characteres
1425 2781 1596 2822 proxima,

66 2829 100 2860 at
125 2828 191 2862 silis
212 2830 317 2873 duplo
345 2834 563 2867 tenuioribus
591 2836 766 2876 ramisque
792 2838 1049 2877 patentioribus
1077 2840 1227 2873 diversa.

1434 2898 1468 2918 ,γὲ
