1907 3004
292 157 312 197 1
325 156 383 197 50
952 144 1163 186 CERAMOEAE.
1467 139 1831 199 Campyloephora.

399 282 587 321 cumcirca
628 281 858 329 nidulantcs,
901 277 1047 315 cellulis
1079 275 1323 315 corticalibus
1355 275 1539 323 formatae,
1571 274 1641 312 filis
1673 275 1835 322 elonga-

400 351 445 387 tis
476 349 580 386 strati
613 347 729 385 medii
761 347 917 397 stipatae,
950 345 1159 382 rotundatae
1192 344 1378 391 triangule
1411 341 1468 390 [⁸12]
1501 341 1640 379 divisae.

398 433 516 467 Frons
561 426 823 474 teretiuscnla,
855 427 918 461 aut
948 423 1084 461 leviter
1115 434 1349 472 compressa,
1381 422 1612 470 luscescens,
1645 419 1835 467 irregula-

287 497 381 535 riter
419 495 652 544 dicliotoma,
695 493 887 540 ramisque
932 491 1120 539 elon-gatis
1156 491 1337 538 utrinque
1378 487 1652 526 subattenuatis
1683 487 1836 536 virgata,

287 566 469 602 immerse
510 562 719 611 articulata,
759 559 929 598 articulis
969 558 1160 609 brevibus,
1198 557 1386 594 diametro
1426 555 1718 604 subcequalibus,
1758 566 1836 592 non

289 632 362 670 nisi
407 630 640 668 dissectione
679 631 742 665 aut
788 627 825 664 in
871 626 1057 663 exsiccata
1103 629 1141 663 et
1185 624 1401 662 collabente
1447 624 1571 671 planta
1606 622 1838 672 conspicuis,

287 703 403 738 strato
445 697 613 736 corticali
659 696 782 734 denso
825 694 1010 731 continuo
1044 693 1218 730 obducta.
1278 694 1442 729 Stratum
1475 689 1654 727 cortieale
1686 689 1837 727 duobus

285 767 409 805 stratis
458 767 540 803 sere
586 763 774 800 distinctis
819 764 986 810 constat,
1033 761 1177 797 cellulae
1224 758 1427 796 interiores
1472 759 1559 794 sunt
1602 757 1770 804 majores
1802 761 1838 793 et

290 835 408 874 laxius
452 831 659 881 dispositae,
699 830 736 866 in
783 829 901 866 sterili
944 832 1070 866 tamen
1105 826 1392 875 adproxnnatae,
1425 823 1636 861 exteriores
1667 825 1838 861 minores

292 906 330 939 et
360 899 583 938 rotundatae.
652 897 800 936 Fertilis
837 898 964 946 planta
1003 895 1099 943 gerit
1138 894 1265 943 apices
1303 893 1341 930 in
1379 891 1538 929 modum
1578 894 1747 940 Hypnaeae
1776 891 1840 928 in-

291 973 478 1007 crassatos
509 971 547 1004 et
577 967 807 1003 incurvatos,
880 966 968 1001 Pars
1011 962 1216 999 incrassata
1257 961 1380 997 oritur
1412 959 1557 996 cellulis
1588 958 1690 995 strati
1723 958 1841 995 medii

294 1036 434 1075 eximie
481 1035 658 1084 evolutis,
698 1034 735 1070 in
774 1032 833 1069 [ila
874 1031 1062 1079 elongata,
1093 1029 1184 1066 tubo
1218 1025 1416 1065 articulato
1448 1037 1642 1075 percursa,
1674 1025 1733 1062 hic
1765 1025 1841 1062 illic

292 1105 496 1143 incrassata
530 1107 568 1141 et
601 1104 638 1139 in
672 1100 796 1139 nodos
828 1099 1121 1136 cellulaesormes
1153 1094 1447 1133 intumescentia
1481 1092 1729 1142 abeuntibus3
1755 1093 1839 1129 cel-

292 1173 377 1210 lulis
423 1171 527 1208 strati
568 1167 770 1207 exterioris
816 1164 1042 1204 rotundatis.
1116 1163 1396 1211 Sphaerosporae
1442 1161 1539 1198 infra
1585 1160 1738 1196 cellulas
1769 1171 1839 1196 ro-

290 1239 464 1277 tundatas
512 1236 726 1275 exteriores
770 1234 1001 1283 nidulantes,
1046 1232 1152 1268 nullo
1199 1229 1335 1267 ordine
1367 1228 1572 1278 dispositae,
1604 1226 1698 1264 intra
1731 1225 1839 1274 peri-

290 1307 462 1356 sporium
504 1304 751 1343 rotundatum
790 1302 960 1351 amplum
999 1310 1144 1350 sporaS,
1183 1297 1385 1349 triangule,
1423 1297 1462 1334 ni
1493 1297 1615 1348 fallor,
1647 1295 1839 1334 seceden-

292 1378 361 1427 tes,
394 1375 579 1414 foventes,

404 1446 545 1493 Genus,
577 1439 720 1478 savellis
765 1437 940 1475 nondum
985 1434 1211 1485 observatis,
1256 1433 1436 1471 affinitate
1483 1432 1611 1471 forsan
1658 1432 1838 1482 dubium3

289 1512 417 1562 quoad
450 1513 681 1548 structuram
711 1505 888 1544 Ceramio
920 1503 1152 1553 proximum.
1225 1501 1352 1539 'rubus
1384 1501 1561 1538 centralis
1593 1500 1759 1549 spatium
1788 1501 1839 1538 fili

289 1578 492 1621 dimidium
539 1578 713 1624 occupat,
758 1572 982 1610 membrana
1027 1572 1151 1619 ampla
1196 1573 1233 1607 et
1278 1580 1412 1606 crassa.
1479 1569 1703 1606 Evolutione
1734 1568 1838 1605 strati

289 1646 421 1696 medii,
454 1646 491 1683 in
523 1646 649 1694 planta
692 1642 805 1680 fertili
843 1640 1068 1691 perinsigni,
1099 1651 1118 1677 a
1150 1638 1324 1676 Ceramio
1356 1638 1491 1675 differt.
1551 1637 1839 1686 Spliaerosporas

289 1725 444 1761 magnas
476 1716 513 1750 et
543 1711 762 1762 perisporio
806 1710 933 1758 amplo
973 1707 1226 1745 circumdatas
1258 1706 1363 1744 ridi..
1404 1709 1455 1744 De
1489 1705 1687 1743 divisionis
1717 1704 1836 1742 modo

290 1789 417 1821 tamen
461 1793 540 1819 non
587 1780 746 1818 omnino
779 1780 905 1815 certus
942 1788 1038 1814 sum.
1114 1779 1168 1815 Ne
1202 1786 1289 1812 cum
1321 1777 1478 1823 Hypnaea
1512 1776 1769 1822 comparetur,
1801 1775 1838 1809 et

290 1854 476 1890 structura
509 1848 656 1887 frondis
689 1849 726 1885 et
758 1847 916 1896 fructus,
947 1846 1129 1893 quantum
1163 1843 1427 1892 innotuerunt,
1458 1843 1593 1879 vetant.

295 1984 328 2023 l.
359 1987 395 2022 C.
426 1986 663 2021 Ilrrx—AEomsss
692 1977 753 2030 (J.
783 1979 849 2027 Ay.
882 1975 1028 2028 mser.)

384 2059 583 2092 Ccraminm
610 2057 754 2091 rubrum
782 2065 853 2090 var.
879 2055 1019 2088 firmum
1045 2052 1103 2098 Ay.
1130 2062 1180 2097 Sp.
1209 2053 1344 2097 (quoad
1373 2062 1468 2095 spec.
1495 2051 1664 2095 Japonica
1677 2051 1703 2093 1)

403 2130 490 2168 [lab.
521 2129 566 2168 ad
599 2140 685 2166 oras
715 2127 883 2176 Japoniae
916 2125 1138 2174 (Tilesius'.)

383 2207 586 2248 Magnitudo
614 2201 649 2238 et,
673 2204 815 2237 habitus
842 2203 914 2236 sere
942 2204 1019 2235 Cer.
1048 2202 1145 2235 rubri
1172 2202 1307 2244 virgati,
1341 2201 1404 2234 scd
1432 2200 1576 2234 densius
1604 2201 1773 2234 corticata
1802 2202 1836 2232 ct

291 2268 428 2302 articuli
454 2266 650 2298 breviores.
701 2263 848 2296 Fertiles
876 2263 996 2304 apices
1022 2261 1061 2293 H.
1090 2260 1354 2293 muscisormem
1380 2260 1467 2291 mire
1494 2258 1659 2291 referunt.
1693 2256 1834 2291 leonem

289 2325 500 2369 Sprengelii,
539 2332 644 2367 quam
680 2321 749 2355 huc
788 2320 894 2354 trahit
931 2320 966 2353 C.
1004 2319 1154 2363 Agardli,
1193 2319 1295 2360 longo
1334 2318 1437 2351 aliam
1470 2317 1625 2360 plantam
1659 2318 1833 2360 spectare,

289 2386 463 2428 suspicor.

287 2557 445 2613 XVI.
485 2557 857 2610 MICROCLADIA
899 2573 1014 2610 arev.
1057 2570 1139 2618 Azy.
1182 2570 1280 2607 Brit.
1320 2580 1359 2617 p.
1402 2567 1465 2605 99.
1510 2567 1628 2604 Harv.
1661 2575 1763 2602 man.
1794 2576 1832 2611 p.

401 2646 451 2683 65
491 2648 530 2682 et
566 2643 678 2691 Plzyc.
723 2642 822 2680 Brit.
866 2640 942 2678 tab.
975 2639 1038 2677 29.
1071 2637 1186 2675 Endl.
1219 2638 1312 2675 Gen.
1343 2635 1399 2673 Pl.
1430 2633 1565 2681 Suppl.
1598 2633 1666 2671 III.
1694 2644 1733 2680 p.
1766 2632 1828 2670 36.

399 2715 513 2750 Iszicz.
545 2711 658 2760 Phyc.
686 2721 724 2758 p.
757 2707 850 2746 382.
910 2706 1131 2746 Delcsseriae
1162 2718 1215 2754 sp.
1248 2706 1313 2752 Ay.
1346 2707 1384 2740 et
1413 2704 1524 2740 Aucc.

290 2794 408 2829 Frons
454 2801 672 2838 compressa
718 2786 1231 2836 decomposita-dichotoma
1276 2781 1474 2830 ssabellata,
1520 2780 1700 2818 immerse
1734 2780 1829 2818 arti-

401 2858 518 2893 culata
566 2855 766 2905 corticata,
812 2853 955 2891 cortice
999 2851 1220 2889 cellularum
1264 2848 1387 2885 stratis
1425 2847 1574 2884 duobus
1611 2850 1826 2885 constante:

401 2921 586 2959 interiore
632 2923 775 2959 cellulis
806 2920 953 2969 magnis
984 2915 1415 2965 rotundato-augumtis,
1447 2915 1673 2964 superficiali
1705 2915 1827 2952 cellu-
