1907 3004
238 77 264 116 2
273 76 332 116 98
882 66 1130 124 (ὶιοᾼῐιτιΝΕᾸΈ.
1491 65 1777 125 Calloplzylle's.

238 210 294 240 xix
319 208 386 238 lala
414 212 524 246 prope
551 202 665 244 basin,
692 202 824 233 sensim
856 200 958 231 latior
984 199 1032 242 fit,
1061 198 1149 231 infra
1176 202 1359 240 segmenta
1387 199 1501 232 media
1527 208 1640 242 usque
1667 202 1775 232 semi-

237 266 399 306 pollicem
438 260 622 293 latitudine
650 268 809 300 aequans,
836 267 959 290 versus
986 257 1107 298 apices
1135 259 1260 290 iterum
1287 259 1389 298 longe
1417 260 1608 290 attenuata.
1657 257 1776 290 Rami-

238 322 352 354 licatio
391 318 611 360 dichotoma,
657 317 815 348 (3-7aes
859 316 1025 358 repetita,
1072 316 1185 349 axillis
1230 316 1428 349 rotundatis
1468 318 1557 349 inter
1594 318 1777 356 segmenta

238 377 484 411 erectiuscula.
546 375 734 415 Segmenta
772 375 951 407 letissime
991 376 1151 416 cuneata,
1178 375 1323 406 linearia
1349 377 1408 407 aut
1432 375 1550 416 potius
1577 373 1649 405 fere
1677 373 1776 405 elon-

238 436 506 477 gato-oblonga.
568 434 704 466 Kalidia
742 434 776 466 in
803 434 985 475 superiore
1015 435 1114 474 parto
1142 432 1271 474 ubique
1299 433 1411 465 frondi
1440 434 1616 475 immersa,
1642 440 1774 473 sparsa,

238 497 408 529 diametro
434 493 656 526 semilineam
683 493 901 533 superantia.
952 490 1133 523 structura
1161 491 1312 530 generis.
1361 489 1463 523 Color
1489 498 1777 531 carneo-purpu-

239 563 394 587 rascens.
445 552 650 585 Substantia
677 550 960 584 membranacea.

330 612 466 645 Nomen
492 621 511 644 a
539 620 593 643 me
634 612 736 644 antea
774 610 904 653 datum,
945 608 988 642 ob
1025 616 1220 641 consonum
1247 607 1391 640 alterius
1418 607 1550 648 speciei
1578 615 1596 639 a
1622 606 1778 639 Sondero

239 672 440 715 descriptae,
467 669 672 704 mutandum
700 669 848 702 credidi.

239 799 274 836 2.
306 802 387 837 CAL.
418 806 604 835 DtSCtGERA
639 796 692 842 (J.
725 797 790 844 Ay.
823 794 948 844 Symb.
981 794 1002 831 I
1025 805 1064 842 p.
1102 792 1168 841 13)
1216 793 1353 830 froude
1400 791 1667 830 orbiculariter
1710 803 1780 828 ex-

351 877 466 915 pansa
511 864 754 913 subpeltatim
799 863 903 901 affixa
948 860 1451 909 dichotomo-subpalmata,
1492 858 1702 906 segmentis
1733 858 1781 895 li-

350 931 659 969 neari-cuneatis
690 930 861 978 margine
893 940 993 978 saepe
1025 928 1233 978 proliferis,
1271 927 1534 965 terminalibus
1565 926 1781 977 crenulatis,

355 999 501 1038 kalidiis
531 999 636 1037 disco
669 998 814 1037 frondis
846 996 1048 1035 immersis.

333 1077 573 1112 Rhodomenia
600 1076 776 1117 discigera
800 1073 832 1108 J.
859 1073 917 1119 Aq.
945 1073 966 1108 l.
993 1083 1022 1107 c.
1050 1072 1213 1115 (partim)
1242 1069 1400 1114 Halmio.
1426 1069 1497 1115 Alq.
1519 1080 1556 1114 p.
1583 1070 1648 1104 745
1677 1071 1782 1113 (excl.

241 1148 257 1169 S
283 1146 315 1170 Π.

261 1147 280 1180 y
320 1137 405 1229 )Cal.
432 1196 609 1236 discigera
632 1192 665 1228 J.
692 1192 751 1237 Aq.
777 1191 848 1237 Alq.
875 1191 1005 1226 Liebm.
1028 1201 1065 1234 p.
1092 1190 1149 1223 113!

354 1267 441 1305 [lab.
473 1266 510 1303 in
541 1265 636 1304 mari
669 1264 821 1302 australi
854 1264 899 1301 ad
931 1266 1016 1312 Cap.
1048 1262 1084 1301 h.
1116 1259 1201 1310 spei
1234 1259 1433 1309 (Lalandel
1461 1259 1783 1308 tlarveyll‘appet

241 1336 307 1375 llb.
338 1336 505 1374 Turner!
539 1338 576 1372 et
607 1333 801 1377 Crouanl)

333 1413 443 1446 Frons
482 1410 660 1454 lapidibus
701 1408 918 1450 conchisque
958 1406 1186 1450 subpeltatim
1226 1405 1331 1439 affixa
1363 1408 1398 1439 et
1425 1405 1573 1448 sessilis,
1601 1406 1634 1438 in
1663 1406 1785 1439 orbem

243 1481 410 1515 expansa,
450 1469 734 1511 3-8pollicaris,
771 1469 807 1501 in
846 1469 1030 1508 segmenta
1071 1466 1362 1498 numerosissima
1389 1464 1515 1497 divisa.
1564 1463 1782 1496 Ramiticutio

243 1534 333 1564 iuter
370 1529 608 1563 dichotomam
640 1529 675 1559 et
700 1527 890 1569 palmatam
916 1526 989 1557 fere
1016 1524 1236 1557 intermedia.
1288 1523 1476 1564 Segmenta
1503 1524 1595 1555 iuter
1622 1522 1785 1555 dichoto—

241 1592 330 1623 mias
367 1588 631 1632 approximatas
657 1585 791 1627 brevia,
817 1585 960 1617 linearia
990 1585 1050 1616 aut
1076 1584 1236 1626 cuneata,
1265 1581 1454 1624 aliquando
1482 1589 1594 1623 usque
1620 1581 1785 1623 pollicem

242 1649 330 1691 lata,
371 1648 528 1687 margine
575 1646 712 1685 integra
749 1646 809 1677 aut
851 1643 1045 1684 segmentis
1085 1641 1326 1674 conformibus
1363 1639 1550 1683 prolifera,
1589 1640 1787 1673 terminalia

244 1707 447 1747 angustiora
485 1706 587 1746 apice
633 1701 991 1744 rotundato-obtusa,
1037 1701 1193 1741 margine
1237 1699 1477 1740 irregulariter
1520 1698 1708 1740 inaequalia
1751 1701 1787 1730 et

244 1764 436 1796 crenulata.
498 1762 634 1795 Kalidia
673 1761 844 1794 diametro
882 1760 1078 1793 semilineae
1105 1767 1169 1800 per
1195 1758 1331 1791 discum
1359 1758 1622 1797 segmentorum
1649 1765 1784 1799 sparsa,

243 1823 420 1854 immersa.
483 1820 667 1854 Structura
693 1819 828 1851 frondis
854 1820 889 1850 et
913 1817 1174 1860 sphaerosporae
1200 1817 1351 1859 generis.
1402 1815 1505 1847 Color
1531 1814 1785 1847 roseo-cocci-

244 1888 345 1913 neus.
396 1878 603 1912 Substantia
629 1877 1086 1911 carnoso-membranacea.
1135 1875 1271 1907 Chartae
1299 1875 1356 1906 vix
1382 1874 1551 1906 adbaeret.

339 1937 453 1976 Quum
479 1937 569 1970 hauc
595 1938 752 1978 speciem
778 1937 912 1978 primus
940 1934 1191 1976 describerem,
1228 1941 1307 1965 cum
1332 1931 1579 1973 Chrysymeuia
1605 1930 1785 1976 depressa,

245 2004 348 2038 quam
375 1996 532 2028 sterilem
559 1997 693 2039 tantum
718 1994 887 2036 videram,
914 1992 1069 2026 confudi.
1119 1991 1243 2025 Postea
1271 1994 1454 2033 utramque
1482 1990 1547 2022 rite
1572 1989 1726 2024 distinxi.
1743 2010 1787 2016 --

245 2211 299 2244 ⁶23.
325 2212 409 2244 CAL.
439 2219 585 2244 omnim
612 2209 745 2252 (Mont.
773 2209 900 2244 Prodr.
927 2209 1031 2252 Phyc.
1058 2210 1214 2242 antarct.
1235 2219 1273 2252 p.
1302 2209 1337 2249 1)
1366 2208 1490 2242 fronde
1516 2208 1672 2249 stipitata
1699 2209 1784 2242 sub-

338 2272 673 2314 palmato-pinnata,
712 2271 905 2311 segmentis
938 2270 1060 2302 lineari
1089 2269 1263 2316 eune-atis,
1291 2268 1449 2308 margine
1476 2276 1572 2309 saepe
1597 2266 1786 2309 proliferis,

340 2329 582 2362 terminalibus
609 2328 781 2372 obovatis,
808 2327 948 2361 kalidiis
976 2328 1074 2360 disco
1100 2326 1235 2359 frondis
1262 2326 1450 2358 immersis.

340 2387 448 2422 Rhod.
487 2388 609 2421 ornata
645 2386 756 2420 Monc.
784 2387 805 2420 l.
835 2397 866 2420 c.
894 2387 927 2420 et
960 2384 1041 2429 Voy.
1075 2384 1148 2419 Pol.
1172 2384 1255 2418 Sud.
1277 2394 1314 2428 p.
1343 2385 1407 2417 459
1434 2382 1502 2418 tab.
1532 2383 1591 2417 ll!
1617 2381 1725 2416 Hoolc.
1753 2384 1786 2416 et

245 2444 352 2480 llari).
380 2446 498 2488 Crypc.
525 2446 681 2478 antarct.
707 2455 741 2488 p.
773 2444 827 2478 74.

339 2506 482 2548 Calopb.
510 2508 632 2538 ornata
658 2503 762 2538 Ii'i'c'lz.
789 2514 839 2548 sp.
862 2515 898 2548 p.
926 2503 1012 2537 7463

340 2562 425 2594 llab.
454 2564 487 2595 in
515 2572 647 2596 occano
676 2564 820 2596 australi
849 2564 892 2596 ad
920 2563 1023 2596 lnsul.
1050 2561 1231 2595 Auckland
1259 2560 1474 2602 (D'Urville).

340 2620 448 2653 Frons
475 2621 930 2664 carnoso-membranacea,
959 2620 1072 2653 vivide
1098 2628 1285 2662 purpurea,
1319 2616 1688 2659 oblongo-lanceolata
1729 2618 1785 2647 ut-

247 2679 370 2717 rinque
410 2680 565 2719 margine
604 2679 781 2722 prolifera,
821 2679 912 2711 foliis
939 2688 1002 2711 scu
1029 2679 1184 2720 pinnulis
1213 2678 1372 2710 oboxatis
1400 2676 1538 2709 taudem
1565 2675 1724 2706 cuneati<
1751 2676 1786 2706 et

248 2736 497 2779 palmatitlssis,
525 2746 676 2777 unguem
702 2737 756 2769 rel
784 2737 873 2770 ultra
899 2738 1064 2779 pollicem
1090 2738 1181 2769 latis.

344 2790 488 2824 llabitus
514 2795 654 2826 omnino
681 2794 789 2827 llliod.
816 2795 991 2838 palmatae,
1019 2795 1082 2828 sed
1109 2795 1220 2837 magis
1247 2801 1405 2835 carnosa,
1433 2791 1622 2824 saturatius
1650 2799 1784 2833 purpu-

249 2857 318 2891 rea,
347 2857 411 2882 uec
439 2850 472 2883 iu
499 2852 694 2885 violaceum
721 2852 883 2886 tendens
