1907 3004
81 64 365 123 Graleloupia.
695 64 982 108 Cm'rroxmmffi.
1516 67 1535 106 1
1549 67 1608 107 83

80 207 190 240 reque
229 198 429 239 attenuatae,
467 194 670 228 3——51ineas
707 196 797 239 latae,
825 196 1042 237 longitudine
1068 196 1334 239 2—4p011icari.
1383 198 1609 242 Cystocarpia

77 256 111 287 in
140 254 300 288 inferiore
340 255 439 296 parte
476 254 782 297 prolisscationnm,
821 257 855 286 ct
881 256 915 287 in
941 257 1123 297 superiore
1148 258 1247 298 parte
1274 256 1406 291 frondis
1432 260 1608 300 primaria}

77 322 212 354 sparsa.
274 312 458 344 Structura
498 313 650 351 generis.
700 312 801 344 Color
828 314 1219 358 violaeeo-pnrlmreus,
1249 317 1374 348 iterum
1401 316 1608 350 madefacta:

75 370 285 412 pallescens.
334 369 535 402 Substantia
563 370 949 414 gelalinoso-earnosa3
975 372 1106 405 cbartoe
1134 374 1264 406 arctius
1292 375 1457 408 adbaeret.

167 426 330 460 Sectione
369 429 463 460 tenui
506 429 740 469 microscopio
779 429 951 472 subjecta,
985 430 1197 472 llalymeniae
1223 433 1379 472 speciem
1406 432 1476 464 scre
1502 434 1608 474 puta-

75 493 143 516 res.
192 484 261 517 Fila
287 486 453 517 interiora
480 488 518 518 nt
542 486 576 518 in
603 486 734 528 Halym.
774 489 911 520 lloresia
938 489 1038 521 senili
1066 489 1174 521 dense
1202 490 1332 531 stipata
1358 489 1544 533 adparent,
1572 493 1610 523 nt

75 553 156 577 vero
184 546 284 579 acido
311 543 496 586 superfusa
523 547 579 581 sit.
611 547 823 578 structuram
851 546 1083 588 Gratcloupizn
1112 550 1295 581 monstrat.
1345 548 1607 583 Ramilicatione

76 611 214 645 quoque
249 611 329 636 cum
361 604 591 646 sequentibus
624 604 805 647 convenit3
839 606 974 638 statura
1007 605 1116 638 multo
1152 607 1278 639 minori
1314 607 1356 639 ab
1394 609 1447 641 his
1482 610 1608 650 digno-

75 662 197 695 scitur.

74 788 109 825 8.
141 790 203 826 Gn.
234 797 514 826 innnocm‘rnim
547 787 601 833 (J.
634 787 700 835 Ay.
732 787 815 825 Act.
849 787 968 826 Holm.
1005 786 1107 825 4847
1132 799 1172 836 p.
1204 789 1275 836 86)
1300 791 1501 830 frondibus
1519 804 1607 830 car-

183 856 433 904 noso-planis
470 855 856 892 lineari-lanceolatis
897 856 1119 893 acuminatis
1150 857 1322 904 margine
1351 859 1606 898 subnndnlato

182 923 457 972 integerrimis,
501 921 736 970 simplicibus
780 923 837 960 vel
885 934 930 960 ex
968 923 1140 971 margine
1171 926 1319 963 frondis
1349 925 1479 962 senilis
1509 937 1607 974 pro-

181 990 433 1041 venientibus,
457 988 699 1036 eystocarpiis
730 989 767 1026 in
798 1001 908 1029 soros
939 993 1254 1043 maculaesormes,
1285 993 1397 1032 lineis
1427 995 1606 1035 flexuosis

181 1058 348 1105 angustis
378 1059 586 1109 sejunctos,
618 1059 800 1097 collectis.

163 1148 395 1191 Phyllymenia
422 1148 686 1190 hieroglyphica
710 1147 744 1181 J.
769 1146 828 1192 Ay.
856 1148 878 1182 l.
904 1159 934 1182 c.
960 1148 1028 1183 tab.
1060 1149 1118 1183 II!

163 1204 286 1239 Iridzea
311 1206 583 1249 labyrinthifolia
608 1205 709 1240 Kritz.
736 1216 786 1250 sp.
809 1217 846 1250 p.
873 1208 937 1240 729
965 1209 1167 1251 (parti1n‘?)l

180 1289 269 1328 Ilab.
301 1289 338 1327 in
369 1290 454 1327 sinu
485 1289 646 1327 tabulari
677 1289 721 1326 ad
754 1293 838 1339 Cap.
871 1290 905 1328 b.
937 1291 1024 1340 Spei
1056 1292 1256 1340 (Pappel).

162 1376 317 1410 Frondes
353 1377 487 1411 inferne
521 1380 555 1411 in
584 1380 740 1421 stipitem
767 1381 968 1423 attenuatae,
994 1380 1075 1412 inde
1102 1381 1278 1413 cuneatim
1306 1391 1483 1424 expansae,
1512 1393 1605 1416 nunc

69 1436 248 1478 simplices
275 1438 459 1480 elongatae,
486 1446 579 1470 nunc
605 1447 624 1469 a
650 1437 773 1470 fronde
793 1439 960 1480 primaria
987 1439 1111 1471 minori
1139 1440 1389 1482 ‘l—-3pollicari
1415 1440 1603 1484 prolisorae,

67 1494 384 1535 prolifioationibus
421 1504 533 1538 usque
567 1496 886 1538 sesquipedalibus.
947 1496 1225 1530 Prolitioationes
1264 1507 1386 1531 omnes
1425 1500 1604 1539 margina-

67 1552 118 1584 les
158 1555 193 1585 et
230 1554 355 1594 pinnas
392 1555 614 1597 mentientes,
655 1563 673 1586 a
708 1554 785 1586 basi
825 1555 952 1587 eximie
991 1557 1169 1588 attenuata
1206 1558 1379 1600 ouneatae,
1405 1557 1604 1599 usquedum

66 1610 432 1653 pollicari-3pollioari
471 1621 577 1654 supra
617 1612 738 1645 basem
767 1613 932 1645 distantia
965 1614 1186 1647 latitudinem
1224 1614 1359 1657 4—4½,
1398 1616 1604 1656 pollicarem

67 1670 257 1713 attigerint,
295 1670 375 1702 dein
411 1670 620 1713 plerumque
652 1671 858 1711 longissime
898 1673 1090 1705 attenuatas
1127 1674 1162 1705 in
1189 1673 1326 1714 apicem
1353 1673 1601 1716 acuminatum,

66 1729 178 1761 rarius
217 1728 367 1761 lineares
405 1729 515 1761 semel
553 1731 614 1761 aut
638 1729 693 1761 bis
720 1730 944 1764 dichotomae.
994 1732 1189 1773 Aliquando
1216 1733 1289 1764 tota
1314 1731 1411 1764 frons
1437 1732 1602 1773 palmati-

66 1787 135 1819 fida
173 1787 330 1828 adparet.
377 1786 552 1827 Margines
579 1787 796 1828 integerrimi
824 1788 995 1821 distanter
1020 1789 1152 1822 undati.
1202 1789 1345 1823 Lamina
1371 1790 1505 1823 frondis
1532 1791 1602 1823 luci

66 1843 204 1885 objecta
229 1846 329 1887 quasi
354 1846 456 1879 lineis
482 1846 734 1887 irregularibus
767 1848 950 1890 inscripta,
991 1857 1069 1890 qnae
1101 1857 1202 1881 soros
1228 1848 1406 1882 fructuum
1432 1850 1602 1883 ambiunt.

65 1902 303 1946 Cystocarpia,
341 1905 444 1937 lineis
481 1904 535 1937 his
573 1906 745 1948 exceptis,
783 1914 848 1947 per
887 1907 996 1938 totam
1022 1905 1181 1939 frondem
1207 1907 1241 1939 in
1269 1908 1425 1940 maculas
1450 1909 1602 1941 minutas

66 1960 234 2002 oblongas
272 1964 332 1995 aut
369 1963 469 1996 valde
501 1964 712 2004 irregulares
739 1965 899 1998 collecta.
951 1964 1217 2007 Sphaerosporae
1244 1967 1418 1999 consimili
1447 1968 1603 2009 disposi-

65 2020 160 2052 tione
196 2021 231 2052 in
269 2021 417 2054 diversis
454 2021 643 2055 individuis
681 2022 884 2056 obveniunt.
946 2021 1051 2056 Color
1084 2023 1320 2065 pulcherrime
1346 2024 1602 2068 amethystino-

65 2086 275 2120 purpureus.
324 2079 528 2112 Substantia
552 2081 925 2115 carnoso-chartacea.
975 2082 1113 2115 Charta}
1138 2091 1208 2114 non
1237 2082 1404 2116 adhaeret.

158 2136 302 2178 Species
328 2138 606 2183 distinctissima‚
621 2140 868 2184 pulcherrima,
895 2142 1057 2183 sequenti
1083 2142 1309 2183 potissimum
1336 2142 1476 2184 adfinis3
1504 2144 1601 2175 ntra-

66 2203 133 2237 que
165 2194 209 2227 ob
244 2197 519 2236 magnitudinem
555 2199 741 2239 pinnarum
774 2198 929 2243 Iridaeas,
956 2209 1016 2232 seu
1043 2201 1162 2241 potius
1189 2199 1460 2242 Schizymenias‚
1489 2210 1601 2233 aemu-

65 2253 166 2293 latur,
204 2252 379 2285 fructuum
417 2255 486 2287 situ
523 2256 628 2296 atque
666 2258 843 2289 structura
870 2257 912 2289 ab
939 2258 1019 2301 illis,
1046 2258 1180 2290 frondis
1206 2259 1382 2290 structura
1411 2259 1515 2299 atque
1542 2267 1601 2290 ra-

66 2310 278 2342 mificatione
305 2311 347 2342 ab
374 2311 427 2344 his
454 2311 706 2352 dignoscenda.
756 2314 919 2355 Speciem
945 2315 1213 2355 Kutzingianam
1239 2324 1345 2355 supra
1361 2315 1502 2347 citatam
1520 2323 1600 2348 cum

65 2371 185 2400 nostra
221 2368 411 2401 identicam
449 2378 529 2402 esse
568 2371 624 2402 vix
662 2370 795 2404 dubito.
857 2371 972 2410 Quum
1011 2381 1092 2404 vero
1120 2382 1194 2405 suae
1220 2373 1352 2414 speciei
1379 2372 1599 2404 latitudinem

65 2426 312 2467 G-pollicarem
340 2427 512 2469 tribuerit,
540 2428 599 2459 aut
624 2427 792 2460 ambitum
818 2429 947 2470 planta:
976 2429 1097 2462 divisae
1125 2439 1205 2462 cum
1230 2430 1296 2463 hoc
1324 2430 1512 2472 indicasse,
1541 2431 1600 2463 aut

65 2483 194 2517 formas
222 2484 370 2517 diversae
397 2485 528 2527 specim
556 2494 636 2518 cum
661 2494 745 2518 vera
772 2485 986 2530 confudisse,
1013 2488 1187 2528 suspicor.

65 2620 102 2658 9.
134 2624 195 2659 Gn.
227 2625 407 2660 CUTLERlAE
439 2623 610 2668 (Binder
653 2621 797 2674 mser.)
839 2623 1037 2662 frondibus
1079 2625 1393 2674 carnoso-planis
1436 2628 1596 2665 lanceo-

175 2689 498 2739 lato-linearibus,
528 2701 700 2736 margine
729 2690 911 2727 undnluto
959 2691 1206 2740 inaequalibus
1245 2692 1535 2744 subcrenulatiS,
1576 2707 1595 2732 a

175 2756 281 2793 disco
325 2759 362 2793 et
402 2757 571 2805 margine
616 2757 762 2794 frondis
807 2757 938 2795 senilis
983 2759 1305 2812 prolificantibus⁷
1355 2761 1595 2809 cystocarpiis

174 2824 279 2861 nullo
311 2825 446 2863 ordine
476 2837 546 2875 per
577 2824 753 2863 frondem
785 2825 933 2873 sparsis,
