1907 3004
81 72 430 131 Gymnoqonqrus.
728 71 974 115 Glcanrlxssffi.
1516 72 1542 113 3
1556 76 1570 114 l
1585 78 1611 118 7

78 202 157 237 dein
183 203 406 237 dichotomiis
433 202 553 235 densis
580 202 856 245 decoilipositae,
890 204 1077 246 aliquando
1105 202 1330 236 dichotomiis
1357 206 1611 248 adproximatis

78 260 579 303 fasciculato-polychotonim,
617 259 706 292 infra
744 262 866 293 axillas
904 261 1171 303 polycliotomas
1204 271 1299 304 saepe
1324 263 1481 308 nodosa‘,
1506 275 1613 308 snpra

78 322 218 354 axillam
255 320 393 359 longius
432 317 603 360 indivisae,
644 317 723 351 dein
763 328 884 351 rursus
923 319 1139 352 l'asciculatae
1178 322 1225 353 ita
1257 322 1295 353 nt
1320 323 1485 363 caespites
1512 326 1613 365 quasi

77 381 175 412 zonis
214 377 426 412 distantibus
464 377 643 418 praecipue
683 378 821 408 ramosi.
884 376 1070 416 segmenta
1098 379 1212 410 omnia
1240 378 1424 422 silisormia,
1451 378 1613 412 breviora

77 439 136 469 aut
162 437 336 478 longiora,
363 435 559 468 terminalia
587 442 679 467 nunc
705 434 878 477 elongata,
905 443 999 467 nnnc
1023 435 1231 469 lires-issima
1246 439 1445 470 acuminata
1461 439 1613 470 etimmo

78 494 240 528 subulata
278 496 338 527 aut
375 493 500 526 obtusa
538 494 574 525 et
612 493 694 525 tunc
728 500 824 533 saepe
853 500 1069 534 compressa.
1120 493 1253 526 Kalidia
1280 495 1434 527 nondum
1462 494 1613 527 detecta.

76 551 302 584 Nemathecia
329 552 405 584 sine
433 550 554 583 ordine
580 551 833 593 provenientia,
860 551 957 582 initio
985 551 1214 594 unilateralia,
1242 561 1365 585 averso
1392 554 1501 586 latere
1517 554 1614 587 fron-

77 610 130 642 dis
169 619 264 652 saepc
302 609 558 652 sub—refracto,
591 609 782 651 pulvinata,
809 608 949 640 demum
976 610 1122 640 extensa
1150 610 1417 651 amplexicaulia
1444 614 1479 644 et
1505 612 1614 645 insor-

77 669 158 701 mia.
216 667 418 700 Substantia
451 675 612 708 carnosa,
639 667 880 699 exsiccatione
905 674 1030 708 parum
1056 667 1295 707 cartilaginea.
1346 669 1449 702 Color
1476 671 1614 704 intense

76 735 287 769 purpureus,
314 726 556 758 exsiccatione
583 725 802 774 nigrescens.

170 784 316 826 Species
353 783 491 816 videtur
527 784 678 824 primum
705 792 722 815 a
750 781 922 816 Wulscnio
954 783 1144 825 descripta.
1201 781 1334 814 Etenim
1374 785 1456 818 milii
1496 784 1614 820 Fuczts

76 840 281 886 sastiqialus·
321 838 449 883 (ll‘ulf.
487 841 524 874 in
560 839 685 884 Jacqu.
725 840 810 874 Coll.
851 843 883 874 ec
921 841 1039 884 Crispe.
1065 849 1144 884 aqu.
1168 849 1203 883 p.
1230 841 1292 881 53)
1320 850 1391 873 sec.
1417 843 1554 875 iconem
1580 845 1615 876 in

76 901 164 933 Mus.
191 899 449 933 vindobonensi
486 901 712 942 asservatam,
740 899 782 932 ad
808 899 843 932 F.
870 899 1072 932 Grisfitlisiae
1099 901 1261 942 spectare
1288 899 1441 943 videtur,
1468 903 1504 933 et
1528 901 1616 934 Tur-

78 968 162 992 nero
202 968 341 1001 quoque
375 959 423 991 ita
457 958 738 991 existimabatur.
789 958 965 991 Turnerus
992 960 1107 991 tamen
1136 967 1270 1000 primus
1298 959 1453 1001 speciem
1481 960 1526 992 ita
1554 959 1618 992 de-

78 1017 232 1058 scripsit,
259 1018 298 1049 ut
323 1015 540 1049 confusionis
568 1024 706 1048 omnem
734 1015 879 1048 abstulit
905 1024 1038 1049 ansam.
1067 1016 1447 1060 SpeciesaLyngbyeo
1475 1017 1617 1059 depicta

78 1075 171 1107 nullo
210 1075 312 1108 modo
352 1075 395 1108 ad
432 1074 466 1108 F.
505 1073 707 1107 Griffithsiae
748 1075 925 1116 pertinere
962 1074 1045 1107 milii
1080 1075 1234 1117 videtur·⁷
1262 1075 1496 1108 substantiam
1525 1075 1618 1107 enim

78 1141 243 1166 corneam
269 1133 367 1176 dixit,
393 1133 486 1175 quod
514 1133 637 1165 melius
664 1133 698 1164 in
725 1131 758 1165 F.
785 1133 954 1173 plicatum
981 1133 1140 1175 quadrat,
1156 1135 1191 1166 et
1211 1134 1395 1174 specimen
1410 1133 1444 1165 F.
1460 1132 1618 1166 Griffith-

76 1192 141 1224 siae
179 1191 223 1224 ad
261 1200 340 1224 oras
374 1193 513 1224 nostras
541 1191 720 1223 inventum
746 1199 936 1232 numquam
964 1190 1044 1222 vidi.
1095 1190 1241 1232 Species
1268 1190 1524 1223 mediterranea
1551 1199 1618 1223 no-

77 1250 170 1281 mine
208 1250 275 1281 alio
302 1258 319 1282 a
356 1249 555 1281 Bertolonio
597 1249 787 1291 descripta,
827 1250 861 1281 et
898 1257 915 1280 a
947 1248 1133 1289 Kiitzingio
1173 1249 1352 1290 adoptata.
1415 1248 1617 1281 Secundum

78 1308 285 1350 specimina,
312 1317 330 1340 a
355 1307 554 1339 Bertolonio
594 1307 670 1348 ipso
707 1303 800 1349 data,
838 1306 931 1338 nullo
971 1307 1074 1339 modo
1102 1316 1119 1339 a
1148 1307 1265 1348 planta
1306 1306 1472 1339 atlantica
1500 1305 1616 1350 distat,

78 1366 145 1397 nisi
169 1366 377 1407 plerumque
404 1367 517 1398 minor
543 1366 605 1407 sit,
638 1364 863 1397 characteres
890 1373 907 1396 a
935 1364 1118 1405 liiitzingio
1146 1365 1250 1408 allati,
1277 1366 1463 1406 utramque
1490 1363 1618 1397 distin-

78 1425 237 1466 guentes,
265 1423 308 1455 ab
333 1425 439 1456 aetate
464 1431 549 1455 sane
574 1423 741 1464 pendent.
796 1422 905 1455 Adest
941 1422 1101 1464 quaedam
1128 1422 1319 1455 formarum
1345 1422 1556 1464 differentia,
1583 1423 1617 1454 in

77 1488 174 1520 spec.
213 1480 480 1513 mediterraneis
517 1481 742 1522 potissimum
770 1489 787 1512 a
815 1489 869 1512 me
908 1479 1114 1522 observata,
1141 1480 1318 1524 nonnulla,
1344 1481 1508 1513 nimirum
1535 1488 1618 1520 seg-

78 1540 208 1572 mentis
234 1538 408 1572 subulatis
434 1538 639 1571 lateralibus
666 1539 848 1582 inst-ructa,
876 1547 893 1571 a
923 1539 1055 1579 vulgari
1082 1538 1192 1571 forma
1209 1537 1391 1571 abludunt.
1421 1537 1618 1578 Agardhius

77 1595 114 1629 F.
142 1595 345 1629 Griffithsiae
372 1596 520 1630 sormam
547 1597 723 1639 quandam
749 1597 824 1637 Gig.
851 1598 1038 1630 acicularis
1066 1597 1258 1630 declaravit
1272 1593 1393 1639 [Ausz.
1411 1588 1527 1630 Oestr.
1546 1594 1618 1638 Δίῃ.

74 1663 111 1697 p.
136 1655 218 1697 24),
245 1655 338 1697 quod
366 1663 452 1688 sane
476 1655 570 1689 nullo
599 1655 703 1688 modo
731 1655 1009 1698 adprobandum.

81 1756 114 1796 3.
147 1760 186 1797 G.
217 1767 386 1797 rmnAEus
419 1759 555 1804 (Grev.
588 1769 704 1796 mscr.
737 1760 780 1796 in
811 1758 881 1796 Hb.
913 1758 1055 1805 Hoolc.)
1097 1757 1234 1796 fronde
1279 1753 1500 1806 pulvinatim
1543 1766 1620 1793 eae-

189 1825 330 1875 spitosa
372 1825 529 1876 minuta,
570 1825 718 1863 inferne
759 1826 1002 1863 teretiuscula
1033 1835 1200 1874 superne
1232 1835 1451 1873 compressa
1482 1823 1620 1861 dielic-

191 1893 513 1941 tomo-sastigiata
558 1893 755 1944 flabellata,
792 1893 998 1942 segmentis
1044 1892 1306 1930 terminalibus
1338 1890 1621 1939 obtusiusenlis,

191 1961 434 2010 cystoearpiis
477 1962 516 1999 in
554 1962 692 1999 fronde
730 1962 881 2000 nodose
914 1961 1039 2000 inflata
1072 1960 1260 1999 immersis
1292 1958 1622 2008 longitudinaliter

192 2028 413 2066 subseriatis
444 2028 682 2067 distantibus.

175 2104 358 2138 Chondrus
383 2114 567 2148 pygmaeus
595 2103 699 2140 Greu.
725 2105 745 2139 l.
773 2116 803 2139 c.

193 2175 280 2214 llab.
311 2177 350 2214 in
381 2177 475 2214 mari
508 2176 637 2214 indico
669 2176 714 2214 ad
745 2187 830 2214 oras
870 2175 1125 2214 [lindostaniae
1167 2175 1298 2226 (Wigt,
1336 2174 1404 2213 sub
1443 2186 1504 2213 n:o
1548 2172 1620 2212 473

83 2240 121 2279 in
153 2242 261 2279 llerb.
294 2243 500 2288 llookerl).

177 2316 356 2359 Caespituli
383 2317 589 2358 pulvinatim
616 2318 775 2360 expansi,
802 2318 1089 2360 sesquipollicem
1116 2318 1300 2351 altitudine
1316 2319 1508 2362 aequantes,
1525 2317 1622 2350 fron-

85 2373 187 2408 dibus
213 2376 321 2409 dense
348 2375 547 2417 conjunctis
575 2377 770 2408 constituti.
830 2376 986 2409 Frondes
1014 2378 1213 2409 millimetro
1240 2378 1395 2420 latiores,
1422 2376 1498 2408 basi
1526 2378 1621 2408 tere-

84 2433 258 2475 tiusculae,
285 2442 436 2476 superne
465 2433 646 2465 evidenter
671 2440 899 2475 compressae,
927 2435 1123 2466 sectionem
1145 2435 1414 2466 transversalem
1432 2435 1621 2475 ancipitem

86 2490 286 2535 offerentes,
313 2501 332 2525 a
358 2492 432 2524 basi
472 2491 515 2524 ad
541 2492 679 2533 apicem
706 2491 931 2524 dicllotomiis
958 2492 1211 2535 sesquilineam
1241 2494 1383 2525 circiter
1408 2491 1622 2525 distantibus

87 2549 353 2594 decompositae,
392 2550 669 2591 subregulariter
708 2548 895 2590 fastigiata>
933 2552 967 2582 et
1005 2551 1206 2583 flabellatim
1233 2559 1411 2593 exliaiism,
1439 2550 1500 2583 sed
1528 2551 1622 2582 varie

85 2608 186 2640 ssexae
226 2610 261 2640 et
299 2607 391 2641 haud
429 2609 579 2650 strictae,
618 2610 800 2648 segmenta
840 2608 1033 2640 terminalia
1068 2609 1234 2650 patentia,
1261 2610 1439 2641 attenuata
1465 2607 1529 2640 sed
1556 2606 1623 2640 ob-

87 2665 294 2698 tusiuscula.
356 2665 582 2709 Cystocarpia
622 2665 733 2698 frondi
773 2666 948 2708 immersa,
987 2666 1121 2698 nodose
1152 2667 1397 2709 prominentia,
1425 2675 1488 2709 per
1515 2667 1622 2699 totam

87 2721 159 2754 fere
186 2722 343 2756 frondem
370 2723 672 2764 longitudinaliter
697 2724 837 2766 seriata,
861 2724 1010 2756 invicem
1038 2723 1214 2767 distantia,
1241 2723 1380 2764 singula
1403 2723 1622 2757 latitudinem

88 2778 221 2813 frondis
247 2781 320 2814 fere
347 2783 573 2824 occupantia.
633 2781 789 2814 Frondes
815 2782 946 2814 fertiles
975 2781 1040 2814 lioc
1068 2782 1171 2814 niodo
1199 2782 1332 2815 alterne
1358 2784 1562 2817 constricta:
1589 2786 1625 2817 et

87 2838 233 2873 nodosae
259 2843 443 2883 apparent.
493 2840 596 2875 Color
621 2849 639 2873 a
666 2840 823 2875 violaceo
849 2841 884 2874 in
912 2840 1057 2874 liiidum
1083 2840 1243 2876 tendens.
