<?xml version="1.0" encoding="UTF-8"?>
<!DOCTYPE html PUBLIC "-//W3C//DTD XHTML 1.0 Transitional//EN"
    "http://www.w3.org/TR/xhtml1/DTD/xhtml1-transitional.dtd">
<html xmlns="http://www.w3.org/1999/xhtml" xml:lang="en" lang="en">
 <head>
  <title>
</title>
<meta http-equiv="Content-Type" content="text/html;charset=utf-8" />
  <meta name='ocr-system' content='tesseract 3.04.00' />
  <meta name='ocr-capabilities' content='ocr_page ocr_carea ocr_par ocr_line ocrx_word'/>
</head>
<body>
  <div class='ocr_page' id='page_1' title='image "./speciesgeneraeto0201agar_0205.png"; bbox 0 0 1907 3004; ppageno 0'>
   <div class='ocr_carea' id='block_1_1' title="bbox 89 59 1614 121">
    <p class='ocr_par' dir='ltr' id='par_1_1' title="bbox 89 59 1614 121">
     <span class='ocr_line' id='line_1_1' title="bbox 89 59 1614 121; baseline 0.004 -16"><span class='ocrx_word' id='word_1_1' title='bbox 89 59 371 121; x_wconf 75' lang='lat' dir='ltr'>Grateloupia.</span> <span class='ocrx_word' id='word_1_2' title='bbox 707 62 994 107; x_wconf 65' lang='lat' dir='ltr'>Cnrrroxmmffl.</span> <span class='ocrx_word' id='word_1_3' title='bbox 1523 71 1542 110; x_wconf 91' lang='lat'>1</span> <span class='ocrx_word' id='word_1_4' title='bbox 1556 73 1580 111; x_wconf 76' lang='lat'>7</span> <span class='ocrx_word' id='word_1_5' title='bbox 1589 72 1614 112; x_wconf 87' lang='grc'><strong>9</strong></span> 
     </span>
    </p>
   </div>
   <div class='ocr_carea' id='block_1_2' title="bbox 193 193 1616 385">
    <p class='ocr_par' dir='ltr' id='par_1_2' title="bbox 193 193 1616 385">
     <span class='ocr_line' id='line_1_2' title="bbox 197 193 1616 253; baseline 0.006 -21"><span class='ocrx_word' id='word_1_6' title='bbox 197 194 417 244; x_wconf 70' lang='lat' dir='ltr'>proximatis</span> <span class='ocrx_word' id='word_1_7' title='bbox 448 193 685 245; x_wconf 68' lang='lat' dir='ltr'>subdigitaita,</span> <span class='ocrx_word' id='word_1_8' title='bbox 716 207 734 233; x_wconf 88' lang='lat' dir='ltr'>a</span> <span class='ocrx_word' id='word_1_9' title='bbox 767 196 872 234; x_wconf 83' lang='lat' dir='ltr'>diseo</span> <span class='ocrx_word' id='word_1_10' title='bbox 905 200 942 234; x_wconf 85' lang='lat' dir='ltr'>et</span> <span class='ocrx_word' id='word_1_11' title='bbox 971 197 1143 246; x_wconf 77' lang='lat' dir='ltr'>margine</span> <span class='ocrx_word' id='word_1_12' title='bbox 1173 210 1272 249; x_wconf 73' lang='lat' dir='ltr'>smpe</span> <span class='ocrx_word' id='word_1_13' title='bbox 1304 200 1498 253; x_wconf 78' lang='lat' dir='ltr'>prolisera,</span> <span class='ocrx_word' id='word_1_14' title='bbox 1524 214 1616 250; x_wconf 73' lang='lat' dir='ltr'>seg-</span> 
     </span>
     <span class='ocr_line' id='line_1_3' title="bbox 195 262 1615 320; baseline 0.005 -20"><span class='ocrx_word' id='word_1_15' title='bbox 195 263 332 300; x_wconf 84' lang='lat' dir='ltr'>mentis</span> <span class='ocrx_word' id='word_1_16' title='bbox 363 262 576 311; x_wconf 86' lang='lat' dir='ltr'>patentibus</span> <span class='ocrx_word' id='word_1_17' title='bbox 609 263 825 314; x_wconf 82' lang='lat' dir='ltr'>linearibus,</span> <span class='ocrx_word' id='word_1_18' title='bbox 859 265 1118 303; x_wconf 76' lang='lat' dir='ltr'>terminalibus</span> <span class='ocrx_word' id='word_1_19' title='bbox 1157 268 1270 316; x_wconf 74' lang='lat' dir='ltr'>longe</span> <span class='ocrx_word' id='word_1_20' title='bbox 1302 269 1514 320; x_wconf 79' lang='lat' dir='ltr'>attenuatis,</span> <span class='ocrx_word' id='word_1_21' title='bbox 1547 281 1615 317; x_wconf 71' lang='lat' dir='ltr'>cy-</span> 
     </span>
     <span class='ocr_line' id='line_1_4' title="bbox 193 328 1518 385; baseline 0.006 -17"><span class='ocrx_word' id='word_1_22' title='bbox 193 328 389 378; x_wconf 84' lang='lat' dir='ltr'>stoearpiis</span> <span class='ocrx_word' id='word_1_23' title='bbox 420 329 457 365; x_wconf 93' lang='lat' dir='ltr'>in</span> <span class='ocrx_word' id='word_1_24' title='bbox 488 329 617 366; x_wconf 88' lang='lat' dir='ltr'>medio</span> <span class='ocrx_word' id='word_1_25' title='bbox 648 334 935 378; x_wconf 74' lang='lat' dir='ltr'>segmentorum</span> <span class='ocrx_word' id='word_1_26' title='bbox 966 333 1265 381; x_wconf 83' lang='lat' dir='ltr'>penultimorum</span> <span class='ocrx_word' id='word_1_27' title='bbox 1297 337 1518 385; x_wconf 73' lang='lat' dir='ltr'>aggregatis.</span> 
     </span>
    </p>
   </div>
   <div class='ocr_carea' id='block_1_3' title="bbox 173 405 1346 569">
    <p class='ocr_par' dir='ltr' id='par_1_3' title="bbox 173 405 1346 569">
     <span class='ocr_line' id='line_1_5' title="bbox 176 405 1346 454; baseline 0.005 -15"><span class='ocrx_word' id='word_1_28' title='bbox 176 405 400 448; x_wconf 88' lang='lat' dir='ltr'>Grateloupia</span> <span class='ocrx_word' id='word_1_29' title='bbox 428 405 627 438; x_wconf 84' lang='lat' dir='ltr'>dieliotoma</span> <span class='ocrx_word' id='word_1_30' title='bbox 651 405 684 438; x_wconf 84' lang='lat' dir='ltr'>J.</span> <span class='ocrx_word' id='word_1_31' title='bbox 709 406 768 450; x_wconf 72' lang='lat' dir='ltr'>Ay.</span> <span class='ocrx_word' id='word_1_32' title='bbox 795 408 815 441; x_wconf 91' lang='lat' dir='ltr'>l.</span> <span class='ocrx_word' id='word_1_33' title='bbox 843 419 872 442; x_wconf 85' lang='lat' dir='ltr'>c.</span> <span class='ocrx_word' id='word_1_34' title='bbox 897 408 1000 442; x_wconf 67' lang='lat' dir='ltr'>Ii&#39;zilz.</span> <span class='ocrx_word' id='word_1_35' title='bbox 1027 418 1078 452; x_wconf 82' lang='lat' dir='ltr'>sp.</span> <span class='ocrx_word' id='word_1_36' title='bbox 1105 410 1175 454; x_wconf 63' lang='grc' dir='ltr'>Δίῃ.</span> <span class='ocrx_word' id='word_1_37' title='bbox 1196 421 1232 454; x_wconf 79' lang='lat' dir='ltr'>p.</span> <span class='ocrx_word' id='word_1_38' title='bbox 1262 411 1346 446; x_wconf 79' lang='lat'>7321</span> 
     </span>
     <span class='ocr_line' id='line_1_6' title="bbox 174 463 1086 508; baseline 0.004 -13"><span class='ocrx_word' id='word_1_39' title='bbox 174 463 288 497; x_wconf 87' lang='lat' dir='ltr'>Fucus</span> <span class='ocrx_word' id='word_1_40' title='bbox 314 463 495 496; x_wconf 81' lang='lat' dir='ltr'>abscissus</span> <span class='ocrx_word' id='word_1_41' title='bbox 520 463 687 497; x_wconf 79' lang='lat' dir='ltr'>Schousb.</span> <span class='ocrx_word' id='word_1_42' title='bbox 714 474 822 499; x_wconf 76' lang='lat' dir='ltr'>mser.</span> <span class='ocrx_word' id='word_1_43' title='bbox 851 468 936 508; x_wconf 91' lang='lat' dir='ltr'>(uon</span> <span class='ocrx_word' id='word_1_44' title='bbox 962 467 1086 508; x_wconf 87' lang='lat' dir='ltr'>Turn.)</span> 
     </span>
     <span class='ocr_line' id='line_1_7' title="bbox 173 522 1298 569; baseline 0.007 -16"><span class='ocrx_word' id='word_1_45' title='bbox 173 522 355 554; x_wconf 83' lang='lat' dir='ltr'>Chondrns</span> <span class='ocrx_word' id='word_1_46' title='bbox 381 523 519 564; x_wconf 78' lang='lat' dir='ltr'>crispus</span> <span class='ocrx_word' id='word_1_47' title='bbox 546 522 655 556; x_wconf 77' lang='lat' dir='ltr'>Mont.</span> <span class='ocrx_word' id='word_1_48' title='bbox 686 524 818 558; x_wconf 82' lang='lat' dir='ltr'>Canar.</span> <span class='ocrx_word' id='word_1_49' title='bbox 840 535 877 568; x_wconf 85' lang='lat' dir='ltr'>p.</span> <span class='ocrx_word' id='word_1_50' title='bbox 907 526 970 558; x_wconf 79' lang='grc'>457</span> <span class='ocrx_word' id='word_1_51' title='bbox 998 526 1082 567; x_wconf 82' lang='lat' dir='ltr'>(fide</span> <span class='ocrx_word' id='word_1_52' title='bbox 1110 528 1298 569; x_wconf 81' lang='lat' dir='ltr'>auctoris).</span> 
     </span>
    </p>
   </div>
   <div class='ocr_carea' id='block_1_4' title="bbox 70 592 1616 1658">
    <p class='ocr_par' dir='ltr' id='par_1_4' title="bbox 75 592 1615 777">
     <span class='ocr_line' id='line_1_8' title="bbox 188 592 1614 647; baseline 0.008 -18"><span class='ocrx_word' id='word_1_53' title='bbox 188 592 276 632; x_wconf 86' lang='lat' dir='ltr'>llab.</span> <span class='ocrx_word' id='word_1_54' title='bbox 307 592 351 630; x_wconf 85' lang='lat' dir='ltr'>ad</span> <span class='ocrx_word' id='word_1_55' title='bbox 386 605 497 641; x_wconf 85' lang='lat' dir='ltr'>rupes</span> <span class='ocrx_word' id='word_1_56' title='bbox 528 597 565 631; x_wconf 87' lang='lat' dir='ltr'>et</span> <span class='ocrx_word' id='word_1_57' title='bbox 595 607 679 632; x_wconf 80' lang='lat' dir='ltr'>saxa</span> <span class='ocrx_word' id='word_1_58' title='bbox 713 595 855 632; x_wconf 79' lang='lat' dir='ltr'>ressuxu</span> <span class='ocrx_word' id='word_1_59' title='bbox 895 596 1010 632; x_wconf 86' lang='lat' dir='ltr'>maris</span> <span class='ocrx_word' id='word_1_60' title='bbox 1048 595 1282 647; x_wconf 85' lang='lat' dir='ltr'>subemersa,</span> <span class='ocrx_word' id='word_1_61' title='bbox 1318 599 1353 635; x_wconf 88' lang='lat' dir='ltr'>in</span> <span class='ocrx_word' id='word_1_62' title='bbox 1392 601 1487 638; x_wconf 86' lang='lat' dir='ltr'>mari</span> <span class='ocrx_word' id='word_1_63' title='bbox 1526 613 1614 639; x_wconf 88' lang='lat' dir='ltr'>me-</span> 
     </span>
     <span class='ocr_line' id='line_1_9' title="bbox 75 660 1615 712; baseline 0.006 -16"><span class='ocrx_word' id='word_1_64' title='bbox 75 660 293 697; x_wconf 82' lang='lat' dir='ltr'>diterraneo</span> <span class='ocrx_word' id='word_1_65' title='bbox 331 660 375 696; x_wconf 87' lang='lat' dir='ltr'>ad</span> <span class='ocrx_word' id='word_1_66' title='bbox 416 662 539 698; x_wconf 84' lang='lat' dir='ltr'>littora</span> <span class='ocrx_word' id='word_1_67' title='bbox 580 662 894 711; x_wconf 74' lang='lat' dir='ltr'>Galloprovineire</span> <span class='ocrx_word' id='word_1_68' title='bbox 938 662 1106 712; x_wconf 81' lang='lat' dir='ltr'>(lpse!);</span> <span class='ocrx_word' id='word_1_69' title='bbox 1150 664 1186 700; x_wconf 92' lang='lat' dir='ltr'>in</span> <span class='ocrx_word' id='word_1_70' title='bbox 1227 666 1404 704; x_wconf 82' lang='lat' dir='ltr'>atlantico</span> <span class='ocrx_word' id='word_1_71' title='bbox 1443 668 1487 704; x_wconf 90' lang='lat' dir='ltr'>ad</span> <span class='ocrx_word' id='word_1_72' title='bbox 1520 670 1615 706; x_wconf 87' lang='lat' dir='ltr'>Tin-</span> 
     </span>
     <span class='ocr_line' id='line_1_10' title="bbox 75 726 1103 777; baseline 0.005 -15"><span class='ocrx_word' id='word_1_73' title='bbox 75 727 136 775; x_wconf 75' lang='lat' dir='ltr'>gin</span> <span class='ocrx_word' id='word_1_74' title='bbox 169 726 225 775; x_wconf 65' lang='lat'>[52]</span> <span class='ocrx_word' id='word_1_75' title='bbox 259 726 564 777; x_wconf 84' lang='lat' dir='ltr'>(Scbousboel);</span> <span class='ocrx_word' id='word_1_76' title='bbox 595 739 716 777; x_wconf 80' lang='lat' dir='ltr'>prope</span> <span class='ocrx_word' id='word_1_77' title='bbox 746 731 851 767; x_wconf 87' lang='lat' dir='ltr'>Brest</span> <span class='ocrx_word' id='word_1_78' title='bbox 882 729 1103 776; x_wconf 86' lang='lat' dir='ltr'>(Crouanl).</span> 
     </span>
    </p>

    <p class='ocr_par' dir='ltr' id='par_1_5' title="bbox 72 799 1616 1368">
     <span class='ocr_line' id='line_1_11' title="bbox 172 799 1616 854; baseline 0.007 -19"><span class='ocrx_word' id='word_1_79' title='bbox 172 803 326 836; x_wconf 88' lang='lat' dir='ltr'>Frondes</span> <span class='ocrx_word' id='word_1_80' title='bbox 353 812 371 835; x_wconf 86' lang='lat' dir='ltr'>a</span> <span class='ocrx_word' id='word_1_81' title='bbox 398 804 516 836; x_wconf 88' lang='lat' dir='ltr'>radice</span> <span class='ocrx_word' id='word_1_82' title='bbox 551 806 689 837; x_wconf 81' lang='lat' dir='ltr'>scutata</span> <span class='ocrx_word' id='word_1_83' title='bbox 723 804 905 846; x_wconf 67' lang='lat' dir='ltr'>gregaria),</span> <span class='ocrx_word' id='word_1_84' title='bbox 940 799 1284 847; x_wconf 72' lang='lat' dir='ltr'>l¹s2—3pollicares,</span> <span class='ocrx_word' id='word_1_85' title='bbox 1312 806 1449 842; x_wconf 84' lang='lat' dir='ltr'>inferne</span> <span class='ocrx_word' id='word_1_86' title='bbox 1476 813 1616 854; x_wconf 81' lang='lat' dir='ltr'>simpli-</span> 
     </span>
     <span class='ocr_line' id='line_1_12' title="bbox 79 861 1614 912; baseline 0.006 -19"><span class='ocrx_word' id='word_1_87' title='bbox 79 862 257 902; x_wconf 77' lang='lat' dir='ltr'>ciusculae,</span> <span class='ocrx_word' id='word_1_88' title='bbox 285 861 372 894; x_wconf 85' lang='lat' dir='ltr'>infra</span> <span class='ocrx_word' id='word_1_89' title='bbox 399 861 551 893; x_wconf 86' lang='lat' dir='ltr'>medium</span> <span class='ocrx_word' id='word_1_90' title='bbox 580 861 651 902; x_wconf 92' lang='lat' dir='ltr'>jam</span> <span class='ocrx_word' id='word_1_91' title='bbox 681 862 803 895; x_wconf 64' lang='lat' dir='ltr'>divisae</span> <span class='ocrx_word' id='word_1_92' title='bbox 830 864 864 894; x_wconf 90' lang='lat' dir='ltr'>et</span> <span class='ocrx_word' id='word_1_93' title='bbox 890 862 971 894; x_wconf 89' lang='lat' dir='ltr'>dein</span> <span class='ocrx_word' id='word_1_94' title='bbox 999 862 1133 895; x_wconf 82' lang='lat' dir='ltr'>crebris</span> <span class='ocrx_word' id='word_1_95' title='bbox 1161 863 1386 897; x_wconf 78' lang='lat' dir='ltr'>dichotomiis</span> <span class='ocrx_word' id='word_1_96' title='bbox 1414 866 1614 912; x_wconf 73' lang='lat' dir='ltr'>fastigiatsr,</span> 
     </span>
     <span class='ocr_line' id='line_1_13' title="bbox 77 919 1615 961; baseline 0.003 -9"><span class='ocrx_word' id='word_1_97' title='bbox 77 929 173 961; x_wconf 74' lang='lat' dir='ltr'>saepe</span> <span class='ocrx_word' id='word_1_98' title='bbox 210 920 400 960; x_wconf 75' lang='lat' dir='ltr'>segmentis</span> <span class='ocrx_word' id='word_1_99' title='bbox 438 919 494 951; x_wconf 87' lang='lat' dir='ltr'>hic</span> <span class='ocrx_word' id='word_1_100' title='bbox 533 920 604 952; x_wconf 87' lang='lat' dir='ltr'>illic</span> <span class='ocrx_word' id='word_1_101' title='bbox 642 921 822 961; x_wconf 81' lang='lat' dir='ltr'>congestis</span> <span class='ocrx_word' id='word_1_102' title='bbox 862 922 897 952; x_wconf 91' lang='lat' dir='ltr'>et</span> <span class='ocrx_word' id='word_1_103' title='bbox 929 920 1053 953; x_wconf 86' lang='lat' dir='ltr'>eadem</span> <span class='ocrx_word' id='word_1_104' title='bbox 1079 921 1262 955; x_wconf 71' lang='lat' dir='ltr'>altitudine</span> <span class='ocrx_word' id='word_1_105' title='bbox 1291 924 1501 958; x_wconf 84' lang='lat' dir='ltr'>exeuntibus</span> <span class='ocrx_word' id='word_1_106' title='bbox 1528 927 1615 959; x_wconf 89' lang='lat' dir='ltr'>sub-</span> 
     </span>
     <span class='ocr_line' id='line_1_14' title="bbox 75 977 1615 1024; baseline 0.006 -16"><span class='ocrx_word' id='word_1_107' title='bbox 75 978 252 1019; x_wconf 81' lang='lat' dir='ltr'>palmatae.</span> <span class='ocrx_word' id='word_1_108' title='bbox 306 977 495 1018; x_wconf 81' lang='lat' dir='ltr'>Segmenta</span> <span class='ocrx_word' id='word_1_109' title='bbox 520 979 661 1012; x_wconf 91' lang='lat' dir='ltr'>omnino</span> <span class='ocrx_word' id='word_1_110' title='bbox 696 979 851 1022; x_wconf 77' lang='lat' dir='ltr'>linearia,</span> <span class='ocrx_word' id='word_1_111' title='bbox 879 980 1006 1012; x_wconf 87' lang='lat' dir='ltr'>lineam</span> <span class='ocrx_word' id='word_1_112' title='bbox 1033 979 1105 1012; x_wconf 86' lang='lat' dir='ltr'>sere</span> <span class='ocrx_word' id='word_1_113' title='bbox 1132 980 1212 1024; x_wconf 88' lang='lat' dir='ltr'>lata,</span> <span class='ocrx_word' id='word_1_114' title='bbox 1241 990 1346 1022; x_wconf 86' lang='lat' dir='ltr'>supra</span> <span class='ocrx_word' id='word_1_115' title='bbox 1375 983 1497 1016; x_wconf 77' lang='lat' dir='ltr'>axillas</span> <span class='ocrx_word' id='word_1_116' title='bbox 1528 993 1615 1017; x_wconf 84' lang='lat' dir='ltr'>acu-</span> 
     </span>
     <span class='ocr_line' id='line_1_15' title="bbox 75 1035 1614 1084; baseline 0.006 -18"><span class='ocrx_word' id='word_1_117' title='bbox 75 1035 243 1067; x_wconf 86' lang='lat' dir='ltr'>tiusculas</span> <span class='ocrx_word' id='word_1_118' title='bbox 281 1037 455 1078; x_wconf 63' lang='lat' dir='ltr'>patentia,</span> <span class='ocrx_word' id='word_1_119' title='bbox 493 1037 690 1070; x_wconf 86' lang='lat' dir='ltr'>terminalia</span> <span class='ocrx_word' id='word_1_120' title='bbox 728 1047 820 1071; x_wconf 85' lang='lat' dir='ltr'>nune</span> <span class='ocrx_word' id='word_1_121' title='bbox 863 1037 1067 1071; x_wconf 82' lang='lat' dir='ltr'>abbreviata</span> <span class='ocrx_word' id='word_1_122' title='bbox 1104 1037 1494 1084; x_wconf 78' lang='lat' dir='ltr'>surcato-divergentia,</span> <span class='ocrx_word' id='word_1_123' title='bbox 1522 1052 1614 1075; x_wconf 87' lang='lat' dir='ltr'>nunc</span> 
     </span>
     <span class='ocr_line' id='line_1_16' title="bbox 75 1093 1614 1142; baseline 0.006 -18"><span class='ocrx_word' id='word_1_124' title='bbox 75 1093 235 1133; x_wconf 83' lang='lat' dir='ltr'>elongata</span> <span class='ocrx_word' id='word_1_125' title='bbox 270 1094 472 1127; x_wconf 85' lang='lat' dir='ltr'>ensiformia</span> <span class='ocrx_word' id='word_1_126' title='bbox 504 1096 697 1138; x_wconf 84' lang='lat' dir='ltr'>incurvata,</span> <span class='ocrx_word' id='word_1_127' title='bbox 731 1106 824 1129; x_wconf 85' lang='lat' dir='ltr'>nunc</span> <span class='ocrx_word' id='word_1_128' title='bbox 851 1097 1028 1130; x_wconf 88' lang='lat' dir='ltr'>nonnullis</span> <span class='ocrx_word' id='word_1_129' title='bbox 1056 1106 1161 1139; x_wconf 86' lang='lat' dir='ltr'>supra</span> <span class='ocrx_word' id='word_1_130' title='bbox 1188 1098 1273 1130; x_wconf 83' lang='lat' dir='ltr'>alias</span> <span class='ocrx_word' id='word_1_131' title='bbox 1301 1099 1486 1141; x_wconf 76' lang='lat' dir='ltr'>elongatis,</span> <span class='ocrx_word' id='word_1_132' title='bbox 1514 1102 1614 1142; x_wconf 83' lang='lat' dir='ltr'>apice</span> 
     </span>
     <span class='ocr_line' id='line_1_17' title="bbox 73 1151 1614 1197; baseline 0.005 -15"><span class='ocrx_word' id='word_1_133' title='bbox 73 1152 199 1182; x_wconf 86' lang='lat' dir='ltr'>iterum</span> <span class='ocrx_word' id='word_1_134' title='bbox 227 1151 651 1197; x_wconf 82' lang='lat' dir='ltr'>dichotomo-lastigiatis,</span> <span class='ocrx_word' id='word_1_135' title='bbox 678 1155 876 1197; x_wconf 84' lang='lat' dir='ltr'>inaequalia,</span> <span class='ocrx_word' id='word_1_136' title='bbox 904 1156 1005 1196; x_wconf 79' lang='lat' dir='ltr'>apice</span> <span class='ocrx_word' id='word_1_137' title='bbox 1031 1157 1210 1188; x_wconf 85' lang='lat' dir='ltr'>attenuato</span> <span class='ocrx_word' id='word_1_138' title='bbox 1239 1155 1492 1190; x_wconf 87' lang='lat' dir='ltr'>obtusiuscula.</span> <span class='ocrx_word' id='word_1_139' title='bbox 1527 1157 1614 1191; x_wconf 87' lang='lat' dir='ltr'>Pro-</span> 
     </span>
     <span class='ocr_line' id='line_1_18' title="bbox 74 1208 1613 1257; baseline 0.005 -17"><span class='ocrx_word' id='word_1_140' title='bbox 74 1208 281 1242; x_wconf 87' lang='lat' dir='ltr'>lificationes</span> <span class='ocrx_word' id='word_1_141' title='bbox 308 1212 421 1243; x_wconf 88' lang='lat' dir='ltr'>rarius</span> <span class='ocrx_word' id='word_1_142' title='bbox 448 1211 586 1252; x_wconf 73' lang='lat' dir='ltr'>adsunt,</span> <span class='ocrx_word' id='word_1_143' title='bbox 615 1213 809 1252; x_wconf 78' lang='lat' dir='ltr'>segmentis</span> <span class='ocrx_word' id='word_1_144' title='bbox 835 1212 970 1245; x_wconf 81' lang='lat' dir='ltr'>frondis</span> <span class='ocrx_word' id='word_1_145' title='bbox 997 1213 1210 1246; x_wconf 81' lang='lat' dir='ltr'>conformes.</span> <span class='ocrx_word' id='word_1_146' title='bbox 1268 1214 1494 1257; x_wconf 80' lang='lat' dir='ltr'>Cystocarpia</span> <span class='ocrx_word' id='word_1_147' title='bbox 1522 1215 1613 1248; x_wconf 72' lang='lat'><strong>4-(3</strong></span> 
     </span>
     <span class='ocr_line' id='line_1_19' title="bbox 72 1265 1613 1314; baseline 0.005 -16"><span class='ocrx_word' id='word_1_148' title='bbox 72 1265 280 1309; x_wconf 88' lang='lat' dir='ltr'>plerumque</span> <span class='ocrx_word' id='word_1_149' title='bbox 306 1268 560 1312; x_wconf 80' lang='lat' dir='ltr'>adproximata,</span> <span class='ocrx_word' id='word_1_150' title='bbox 587 1271 622 1302; x_wconf 91' lang='lat' dir='ltr'>in</span> <span class='ocrx_word' id='word_1_151' title='bbox 649 1272 840 1310; x_wconf 70' lang='lat' dir='ltr'>segmentis</span> <span class='ocrx_word' id='word_1_152' title='bbox 856 1271 981 1304; x_wconf 85' lang='lat' dir='ltr'>mediis</span> <span class='ocrx_word' id='word_1_153' title='bbox 1007 1274 1042 1304; x_wconf 88' lang='lat' dir='ltr'>et</span> <span class='ocrx_word' id='word_1_154' title='bbox 1068 1271 1312 1314; x_wconf 83' lang='lat' dir='ltr'>superioribus</span> <span class='ocrx_word' id='word_1_155' title='bbox 1339 1272 1513 1306; x_wconf 88' lang='lat' dir='ltr'>immersa.</span> <span class='ocrx_word' id='word_1_156' title='bbox 1545 1275 1613 1307; x_wconf 90' lang='lat' dir='ltr'>Co-</span> 
     </span>
     <span class='ocr_line' id='line_1_20' title="bbox 72 1325 674 1368; baseline 0.005 -11"><span class='ocrx_word' id='word_1_157' title='bbox 72 1325 125 1357; x_wconf 91' lang='lat' dir='ltr'>lor</span> <span class='ocrx_word' id='word_1_158' title='bbox 150 1333 193 1357; x_wconf 81' lang='lat' dir='ltr'>ex</span> <span class='ocrx_word' id='word_1_159' title='bbox 219 1326 674 1368; x_wconf 79' lang='lat' dir='ltr'>violaceo-purpurascens.</span> 
     </span>
    </p>

    <p class='ocr_par' dir='ltr' id='par_1_6' title="bbox 70 1382 1613 1658">
     <span class='ocr_line' id='line_1_21' title="bbox 167 1382 1611 1434; baseline 0.008 -19"><span class='ocrx_word' id='word_1_160' title='bbox 167 1382 311 1417; x_wconf 80' lang='lat' dir='ltr'>Habitus</span> <span class='ocrx_word' id='word_1_161' title='bbox 340 1386 374 1417; x_wconf 87' lang='lat' dir='ltr'>et</span> <span class='ocrx_word' id='word_1_162' title='bbox 399 1386 604 1419; x_wconf 81' lang='lat' dir='ltr'>ramiticatio</span> <span class='ocrx_word' id='word_1_163' title='bbox 643 1386 795 1421; x_wconf 86' lang='lat' dir='ltr'>Chondri</span> <span class='ocrx_word' id='word_1_164' title='bbox 836 1388 1022 1431; x_wconf 85' lang='lat' dir='ltr'>cujusdam</span> <span class='ocrx_word' id='word_1_165' title='bbox 1058 1391 1222 1434; x_wconf 64' lang='lat' dir='ltr'>minoris,</span> <span class='ocrx_word' id='word_1_166' title='bbox 1249 1393 1283 1424; x_wconf 88' lang='lat' dir='ltr'>et</span> <span class='ocrx_word' id='word_1_167' title='bbox 1307 1391 1374 1426; x_wconf 84' lang='lat' dir='ltr'>hoc</span> <span class='ocrx_word' id='word_1_168' title='bbox 1401 1392 1543 1434; x_wconf 85' lang='lat' dir='ltr'>quidem</span> <span class='ocrx_word' id='word_1_169' title='bbox 1571 1402 1611 1427; x_wconf 88' lang='lat' dir='ltr'>eo</span> 
     </span>
     <span class='ocr_line' id='line_1_22' title="bbox 70 1442 1612 1492; baseline 0.006 -19"><span class='ocrx_word' id='word_1_170' title='bbox 70 1450 183 1483; x_wconf 87' lang='lat' dir='ltr'>usque</span> <span class='ocrx_word' id='word_1_171' title='bbox 210 1444 246 1474; x_wconf 93' lang='lat' dir='ltr'>ut</span> <span class='ocrx_word' id='word_1_172' title='bbox 271 1442 400 1483; x_wconf 82' lang='lat' dir='ltr'>figuras</span> <span class='ocrx_word' id='word_1_173' title='bbox 426 1443 577 1476; x_wconf 83' lang='lat' dir='ltr'>Chondri</span> <span class='ocrx_word' id='word_1_174' title='bbox 605 1445 678 1486; x_wconf 82' lang='lat' dir='ltr'>(ex.</span> <span class='ocrx_word' id='word_1_175' title='bbox 705 1454 756 1486; x_wconf 82' lang='lat' dir='ltr'>gr.</span> <span class='ocrx_word' id='word_1_176' title='bbox 783 1445 953 1480; x_wconf 81' lang='lat' dir='ltr'>Lamour.</span> <span class='ocrx_word' id='word_1_177' title='bbox 992 1446 1090 1481; x_wconf 75' lang='lat' dir='ltr'>Diss.</span> <span class='ocrx_word' id='word_1_178' title='bbox 1126 1448 1194 1482; x_wconf 81' lang='lat' dir='ltr'>tab.</span> <span class='ocrx_word' id='word_1_179' title='bbox 1229 1448 1283 1483; x_wconf 87' lang='lat' dir='ltr'>VI.</span> <span class='ocrx_word' id='word_1_180' title='bbox 1308 1447 1365 1492; x_wconf 58' lang='grc' dir='ltr'>[ἧς.</span> <span class='ocrx_word' id='word_1_181' title='bbox 1394 1450 1450 1491; x_wconf 73' lang='grc'>’13)</span> <span class='ocrx_word' id='word_1_182' title='bbox 1478 1450 1521 1482; x_wconf 86' lang='lat' dir='ltr'>ad</span> <span class='ocrx_word' id='word_1_183' title='bbox 1547 1459 1612 1482; x_wconf 91' lang='lat' dir='ltr'>no-</span> 
     </span>
     <span class='ocr_line' id='line_1_23' title="bbox 70 1500 1611 1545; baseline 0.007 -15"><span class='ocrx_word' id='word_1_184' title='bbox 70 1500 179 1530; x_wconf 87' lang='lat' dir='ltr'>stram</span> <span class='ocrx_word' id='word_1_185' title='bbox 218 1501 377 1540; x_wconf 88' lang='lat' dir='ltr'>speciem</span> <span class='ocrx_word' id='word_1_186' title='bbox 415 1502 581 1544; x_wconf 82' lang='lat' dir='ltr'>calcatas,</span> <span class='ocrx_word' id='word_1_187' title='bbox 621 1502 722 1535; x_wconf 81' lang='lat' dir='ltr'>facile</span> <span class='ocrx_word' id='word_1_188' title='bbox 761 1504 924 1545; x_wconf 71' lang='lat' dir='ltr'>fingeres.</span> <span class='ocrx_word' id='word_1_189' title='bbox 986 1505 1159 1539; x_wconf 85' lang='lat' dir='ltr'>Peculiari</span> <span class='ocrx_word' id='word_1_190' title='bbox 1198 1506 1263 1539; x_wconf 86' lang='lat' dir='ltr'>hac</span> <span class='ocrx_word' id='word_1_191' title='bbox 1302 1507 1556 1540; x_wconf 81' lang='lat' dir='ltr'>ramilicatione</span> <span class='ocrx_word' id='word_1_192' title='bbox 1593 1516 1611 1539; x_wconf 89' lang='lat' dir='ltr'>a</span> 
     </span>
     <span class='ocr_line' id='line_1_24' title="bbox 71 1556 1613 1609; baseline 0.008 -22"><span class='ocrx_word' id='word_1_193' title='bbox 71 1556 306 1599; x_wconf 83' lang='lat' dir='ltr'>Grateloupiis</span> <span class='ocrx_word' id='word_1_194' title='bbox 333 1558 494 1599; x_wconf 84' lang='lat' dir='ltr'>plurimis</span> <span class='ocrx_word' id='word_1_195' title='bbox 520 1560 614 1594; x_wconf 89' lang='lat' dir='ltr'>nullo</span> <span class='ocrx_word' id='word_1_196' title='bbox 642 1563 783 1602; x_wconf 84' lang='lat' dir='ltr'>negotio</span> <span class='ocrx_word' id='word_1_197' title='bbox 811 1564 932 1605; x_wconf 87' lang='lat' dir='ltr'>specie</span> <span class='ocrx_word' id='word_1_198' title='bbox 949 1563 1613 1609; x_wconf 74' lang='lat' dir='ltr'>distinguitur38tructura,substantia</span> 
     </span>
     <span class='ocr_line' id='line_1_25' title="bbox 70 1614 502 1658; baseline 0.009 -13"><span class='ocrx_word' id='word_1_199' title='bbox 70 1615 105 1646; x_wconf 88' lang='lat' dir='ltr'>et</span> <span class='ocrx_word' id='word_1_200' title='bbox 131 1614 249 1647; x_wconf 89' lang='lat' dir='ltr'>colore</span> <span class='ocrx_word' id='word_1_201' title='bbox 277 1617 502 1658; x_wconf 80' lang='lat' dir='ltr'>conveniens.</span> 
     </span>
    </p>
   </div>
   <div class='ocr_carea' id='block_1_5' title="bbox 69 1753 1610 2009">
    <p class='ocr_par' dir='ltr' id='par_1_7' title="bbox 69 1753 1610 2009">
     <span class='ocr_line' id='line_1_26' title="bbox 69 1753 1610 1809; baseline 0.006 -16"><span class='ocrx_word' id='word_1_202' title='bbox 69 1753 105 1793; x_wconf 74' lang='lat'>2.</span> <span class='ocrx_word' id='word_1_203' title='bbox 136 1756 197 1792; x_wconf 81' lang='lat' dir='ltr'>GR.</span> <span class='ocrx_word' id='word_1_204' title='bbox 228 1761 450 1792; x_wconf 75' lang='lat' dir='ltr'>SPATHULATA</span> <span class='ocrx_word' id='word_1_205' title='bbox 484 1754 540 1800; x_wconf 83' lang='lat' dir='ltr'>[J.</span> <span class='ocrx_word' id='word_1_206' title='bbox 570 1756 637 1804; x_wconf 73' lang='lat' dir='ltr'>Ay.</span> <span class='ocrx_word' id='word_1_207' title='bbox 680 1759 819 1804; x_wconf 82' lang='lat' dir='ltr'>mser.)</span> <span class='ocrx_word' id='word_1_208' title='bbox 861 1758 996 1797; x_wconf 82' lang='lat' dir='ltr'>fronde</span> <span class='ocrx_word' id='word_1_209' title='bbox 1037 1761 1148 1809; x_wconf 84' lang='lat' dir='ltr'>plana</span> <span class='ocrx_word' id='word_1_210' title='bbox 1188 1761 1322 1800; x_wconf 83' lang='lat' dir='ltr'>lineari</span> <span class='ocrx_word' id='word_1_211' title='bbox 1361 1763 1610 1801; x_wconf 83' lang='lat' dir='ltr'>dichotomo-</span> 
     </span>
     <span class='ocr_line' id='line_1_27' title="bbox 180 1822 1609 1881; baseline 0.007 -23"><span class='ocrx_word' id='word_1_212' title='bbox 180 1822 363 1870; x_wconf 81' lang='lat' dir='ltr'>fastigiata</span> <span class='ocrx_word' id='word_1_213' title='bbox 402 1823 689 1873; x_wconf 79' lang='lat' dir='ltr'>segmentisque</span> <span class='ocrx_word' id='word_1_214' title='bbox 728 1825 902 1874; x_wconf 88' lang='lat' dir='ltr'>pluribus</span> <span class='ocrx_word' id='word_1_215' title='bbox 944 1827 1217 1876; x_wconf 76' lang='lat' dir='ltr'>adproximatis</span> <span class='ocrx_word' id='word_1_216' title='bbox 1248 1829 1487 1881; x_wconf 73' lang='lat' dir='ltr'>subdigitata,</span> <span class='ocrx_word' id='word_1_217' title='bbox 1518 1842 1609 1878; x_wconf 75' lang='lat' dir='ltr'>seg-</span> 
     </span>
     <span class='ocr_line' id='line_1_28' title="bbox 179 1889 1610 1947; baseline 0.008 -22"><span class='ocrx_word' id='word_1_218' title='bbox 179 1889 318 1927; x_wconf 84' lang='lat' dir='ltr'>mentis</span> <span class='ocrx_word' id='word_1_219' title='bbox 349 1890 566 1938; x_wconf 78' lang='lat' dir='ltr'>patentibus</span> <span class='ocrx_word' id='word_1_220' title='bbox 598 1892 817 1943; x_wconf 84' lang='lat' dir='ltr'>linearibus,</span> <span class='ocrx_word' id='word_1_221' title='bbox 848 1895 1111 1943; x_wconf 84' lang='lat' dir='ltr'>superioribus</span> <span class='ocrx_word' id='word_1_222' title='bbox 1142 1898 1283 1935; x_wconf 90' lang='lat' dir='ltr'>sensim</span> <span class='ocrx_word' id='word_1_223' title='bbox 1315 1899 1610 1947; x_wconf 73' lang='lat' dir='ltr'>angustioribus,</span> 
     </span>
     <span class='ocr_line' id='line_1_29' title="bbox 178 1956 922 2009; baseline 0.009 -16"><span class='ocrx_word' id='word_1_224' title='bbox 178 1956 442 1995; x_wconf 78' lang='lat' dir='ltr'>terminalibus</span> <span class='ocrx_word' id='word_1_225' title='bbox 474 1959 658 2008; x_wconf 79' lang='lat' dir='ltr'>elongatis</span> <span class='ocrx_word' id='word_1_226' title='bbox 690 1961 922 2009; x_wconf 83' lang='lat' dir='ltr'>spathulatis.</span> 
     </span>
    </p>
   </div>
   <div class='ocr_carea' id='block_1_6' title="bbox 177 2046 1412 2103">
    <p class='ocr_par' dir='ltr' id='par_1_8' title="bbox 177 2046 1412 2103">
     <span class='ocr_line' id='line_1_30' title="bbox 177 2046 1412 2103; baseline 0.009 -21"><span class='ocrx_word' id='word_1_227' title='bbox 177 2046 265 2084; x_wconf 83' lang='lat' dir='ltr'>llab.</span> <span class='ocrx_word' id='word_1_228' title='bbox 298 2046 336 2083; x_wconf 85' lang='lat' dir='ltr'>in</span> <span class='ocrx_word' id='word_1_229' title='bbox 368 2058 513 2086; x_wconf 84' lang='lat' dir='ltr'>oceano</span> <span class='ocrx_word' id='word_1_230' title='bbox 546 2049 705 2088; x_wconf 83' lang='lat' dir='ltr'>Pacifico</span> <span class='ocrx_word' id='word_1_231' title='bbox 737 2051 782 2088; x_wconf 86' lang='lat' dir='ltr'>ad</span> <span class='ocrx_word' id='word_1_232' title='bbox 814 2051 916 2090; x_wconf 86' lang='lat' dir='ltr'>littus</span> <span class='ocrx_word' id='word_1_233' title='bbox 949 2053 1116 2091; x_wconf 81' lang='lat' dir='ltr'>Peruviae</span> <span class='ocrx_word' id='word_1_234' title='bbox 1149 2053 1234 2101; x_wconf 88' lang='lat' dir='ltr'>(Hb.</span> <span class='ocrx_word' id='word_1_235' title='bbox 1267 2055 1412 2103; x_wconf 81' lang='lat' dir='ltr'>Rissol)</span> 
     </span>
    </p>
   </div>
   <div class='ocr_carea' id='block_1_7' title="bbox 65 2131 1608 2929">
    <p class='ocr_par' dir='ltr' id='par_1_9' title="bbox 65 2131 1608 2692">
     <span class='ocr_line' id='line_1_31' title="bbox 159 2131 1608 2186; baseline 0.009 -22"><span class='ocrx_word' id='word_1_236' title='bbox 159 2131 268 2165; x_wconf 88' lang='lat' dir='ltr'>Frons</span> <span class='ocrx_word' id='word_1_237' title='bbox 306 2135 445 2167; x_wconf 83' lang='lat' dir='ltr'>videtur</span> <span class='ocrx_word' id='word_1_238' title='bbox 482 2145 595 2178; x_wconf 86' lang='lat' dir='ltr'>usque</span> <span class='ocrx_word' id='word_1_239' title='bbox 633 2138 782 2181; x_wconf 84' lang='lat' dir='ltr'>pedalis,</span> <span class='ocrx_word' id='word_1_240' title='bbox 820 2138 894 2171; x_wconf 89' lang='lat' dir='ltr'>sere</span> <span class='ocrx_word' id='word_1_241' title='bbox 931 2139 1134 2174; x_wconf 83' lang='lat' dir='ltr'>flabellatim</span> <span class='ocrx_word' id='word_1_242' title='bbox 1172 2151 1347 2186; x_wconf 81' lang='lat' dir='ltr'>expansa,</span> <span class='ocrx_word' id='word_1_243' title='bbox 1385 2143 1608 2176; x_wconf 82' lang='lat' dir='ltr'>dichotome-</span> 
     </span>
     <span class='ocr_line' id='line_1_32' title="bbox 68 2189 1608 2241; baseline 0.008 -21"><span class='ocrx_word' id='word_1_244' title='bbox 68 2189 324 2231; x_wconf 86' lang='lat' dir='ltr'>decomposita.</span> <span class='ocrx_word' id='word_1_245' title='bbox 388 2192 575 2233; x_wconf 75' lang='lat' dir='ltr'>segmenta</span> <span class='ocrx_word' id='word_1_246' title='bbox 616 2195 782 2229; x_wconf 80' lang='lat' dir='ltr'>inferiora</span> <span class='ocrx_word' id='word_1_247' title='bbox 818 2198 955 2236; x_wconf 68' lang='lat' dir='ltr'>(intima</span> <span class='ocrx_word' id='word_1_248' title='bbox 994 2200 1029 2231; x_wconf 93' lang='lat' dir='ltr'>in</span> <span class='ocrx_word' id='word_1_249' title='bbox 1062 2201 1172 2233; x_wconf 83' lang='lat' dir='ltr'>nostr.</span> <span class='ocrx_word' id='word_1_250' title='bbox 1200 2210 1252 2241; x_wconf 84' lang='lat' dir='ltr'>sp.</span> <span class='ocrx_word' id='word_1_251' title='bbox 1281 2201 1424 2241; x_wconf 86' lang='lat' dir='ltr'>desunt)</span> <span class='ocrx_word' id='word_1_252' title='bbox 1452 2200 1473 2233; x_wconf 65' lang='grc' dir='ltr'>Ιι</span> <span class='ocrx_word' id='word_1_253' title='bbox 1498 2201 1608 2233; x_wconf 88' lang='lat' dir='ltr'>lineas</span> 
     </span>
     <span class='ocr_line' id='line_1_33' title="bbox 67 2246 1607 2301; baseline 0.007 -24"><span class='ocrx_word' id='word_1_254' title='bbox 67 2246 147 2289; x_wconf 84' lang='lat' dir='ltr'>lata,</span> <span class='ocrx_word' id='word_1_255' title='bbox 189 2249 371 2289; x_wconf 84' lang='lat' dir='ltr'>superiora</span> <span class='ocrx_word' id='word_1_256' title='bbox 403 2258 466 2290; x_wconf 90' lang='lat' dir='ltr'>pro</span> <span class='ocrx_word' id='word_1_257' title='bbox 493 2260 631 2293; x_wconf 85' lang='lat' dir='ltr'>quaque</span> <span class='ocrx_word' id='word_1_258' title='bbox 659 2253 874 2286; x_wconf 78' lang='lat' dir='ltr'>dichotomia</span> <span class='ocrx_word' id='word_1_259' title='bbox 903 2259 1118 2301; x_wconf 80' lang='lat' dir='ltr'>angustiora,</span> <span class='ocrx_word' id='word_1_260' title='bbox 1146 2259 1328 2299; x_wconf 83' lang='lat' dir='ltr'>superiora</span> <span class='ocrx_word' id='word_1_261' title='bbox 1356 2258 1607 2299; x_wconf 80' lang='lat' dir='ltr'>sesquilineam</span> 
     </span>
     <span class='ocr_line' id='line_1_34' title="bbox 68 2304 1607 2358; baseline 0.008 -23"><span class='ocrx_word' id='word_1_262' title='bbox 68 2304 148 2347; x_wconf 85' lang='lat' dir='ltr'>lata,</span> <span class='ocrx_word' id='word_1_263' title='bbox 176 2306 292 2337; x_wconf 85' lang='lat' dir='ltr'>omnia</span> <span class='ocrx_word' id='word_1_264' title='bbox 318 2306 472 2351; x_wconf 85' lang='lat' dir='ltr'>linearia,</span> <span class='ocrx_word' id='word_1_265' title='bbox 499 2310 558 2341; x_wconf 84' lang='lat' dir='ltr'>aut</span> <span class='ocrx_word' id='word_1_266' title='bbox 584 2309 673 2342; x_wconf 80' lang='lat' dir='ltr'>infra</span> <span class='ocrx_word' id='word_1_267' title='bbox 701 2310 933 2345; x_wconf 87' lang='lat' dir='ltr'>dichotomias</span> <span class='ocrx_word' id='word_1_268' title='bbox 966 2322 1088 2355; x_wconf 87' lang='lat' dir='ltr'>parum</span> <span class='ocrx_word' id='word_1_269' title='bbox 1116 2315 1276 2358; x_wconf 67' lang='lat' dir='ltr'>dilatata,</span> <span class='ocrx_word' id='word_1_270' title='bbox 1307 2315 1503 2348; x_wconf 83' lang='lat' dir='ltr'>terminalia</span> <span class='ocrx_word' id='word_1_271' title='bbox 1530 2324 1607 2347; x_wconf 89' lang='lat' dir='ltr'>om-</span> 
     </span>
     <span class='ocr_line' id='line_1_35' title="bbox 67 2363 1607 2413; baseline 0.006 -20"><span class='ocrx_word' id='word_1_272' title='bbox 67 2363 149 2394; x_wconf 87' lang='lat' dir='ltr'>nino</span> <span class='ocrx_word' id='word_1_273' title='bbox 188 2363 386 2404; x_wconf 83' lang='lat' dir='ltr'>spathulata</span> <span class='ocrx_word' id='word_1_274' title='bbox 423 2366 710 2408; x_wconf 82' lang='lat' dir='ltr'>sesquipollicem</span> <span class='ocrx_word' id='word_1_275' title='bbox 750 2369 864 2412; x_wconf 84' lang='lat' dir='ltr'>longa,</span> <span class='ocrx_word' id='word_1_276' title='bbox 903 2371 1039 2403; x_wconf 81' lang='lat' dir='ltr'>inferne</span> <span class='ocrx_word' id='word_1_277' title='bbox 1077 2373 1205 2405; x_wconf 83' lang='lat' dir='ltr'>lineam</span> <span class='ocrx_word' id='word_1_278' title='bbox 1232 2374 1301 2406; x_wconf 80' lang='lat' dir='ltr'>lata</span> <span class='ocrx_word' id='word_1_279' title='bbox 1334 2372 1490 2413; x_wconf 86' lang='lat' dir='ltr'>linearia,</span> <span class='ocrx_word' id='word_1_280' title='bbox 1517 2371 1607 2403; x_wconf 82' lang='lat' dir='ltr'>infra</span> 
     </span>
     <span class='ocr_line' id='line_1_36' title="bbox 67 2421 1607 2474; baseline 0.007 -23"><span class='ocrx_word' id='word_1_281' title='bbox 67 2421 397 2463; x_wconf 51' lang='lat' dir='ltr'>apicemsexpansa</span> <span class='ocrx_word' id='word_1_282' title='bbox 423 2424 442 2454; x_wconf 77' lang='lat'>⁶2</span> <span class='ocrx_word' id='word_1_283' title='bbox 471 2424 580 2457; x_wconf 89' lang='lat' dir='ltr'>lineas</span> <span class='ocrx_word' id='word_1_284' title='bbox 617 2425 699 2468; x_wconf 83' lang='lat' dir='ltr'>lata,</span> <span class='ocrx_word' id='word_1_285' title='bbox 737 2427 873 2467; x_wconf 79' lang='lat' dir='ltr'>integra</span> <span class='ocrx_word' id='word_1_286' title='bbox 899 2430 934 2460; x_wconf 88' lang='lat' dir='ltr'>et</span> <span class='ocrx_word' id='word_1_287' title='bbox 959 2429 1199 2474; x_wconf 86' lang='lat' dir='ltr'>obtusissima,</span> <span class='ocrx_word' id='word_1_288' title='bbox 1226 2434 1287 2465; x_wconf 88' lang='lat' dir='ltr'>aut</span> <span class='ocrx_word' id='word_1_289' title='bbox 1312 2432 1536 2473; x_wconf 77' lang='lat' dir='ltr'>emarginata,</span> <span class='ocrx_word' id='word_1_290' title='bbox 1563 2431 1607 2463; x_wconf 87' lang='lat' dir='ltr'>ad</span> 
     </span>
     <span class='ocr_line' id='line_1_37' title="bbox 67 2477 1607 2530; baseline 0.007 -21"><span class='ocrx_word' id='word_1_291' title='bbox 67 2477 277 2511; x_wconf 87' lang='lat' dir='ltr'>divisionem</span> <span class='ocrx_word' id='word_1_292' title='bbox 314 2480 518 2513; x_wconf 85' lang='lat' dir='ltr'>ulteriorem</span> <span class='ocrx_word' id='word_1_293' title='bbox 557 2491 681 2523; x_wconf 84' lang='lat' dir='ltr'>prona.</span> <span class='ocrx_word' id='word_1_294' title='bbox 742 2483 930 2524; x_wconf 77' lang='lat' dir='ltr'>segmenta</span> <span class='ocrx_word' id='word_1_295' title='bbox 967 2487 1134 2520; x_wconf 88' lang='lat' dir='ltr'>nonnulla</span> <span class='ocrx_word' id='word_1_296' title='bbox 1171 2487 1243 2520; x_wconf 83' lang='lat' dir='ltr'>fere</span> <span class='ocrx_word' id='word_1_297' title='bbox 1284 2490 1455 2530; x_wconf 84' lang='lat' dir='ltr'>truncata,</span> <span class='ocrx_word' id='word_1_298' title='bbox 1496 2490 1531 2520; x_wconf 89' lang='lat' dir='ltr'>et</span> <span class='ocrx_word' id='word_1_299' title='bbox 1563 2496 1607 2520; x_wconf 80' lang='lat' dir='ltr'>ex</span> 
     </span>
     <span class='ocr_line' id='line_1_38' title="bbox 67 2535 1607 2589; baseline 0.008 -22"><span class='ocrx_word' id='word_1_300' title='bbox 67 2536 166 2578; x_wconf 82' lang='lat' dir='ltr'>apice</span> <span class='ocrx_word' id='word_1_301' title='bbox 193 2535 283 2569; x_wconf 33' lang='lat' dir='ltr'>list—5</span> <span class='ocrx_word' id='word_1_302' title='bbox 308 2539 584 2579; x_wconf 85' lang='lat' dir='ltr'>prolificationes</span> <span class='ocrx_word' id='word_1_303' title='bbox 623 2541 795 2581; x_wconf 78' lang='lat' dir='ltr'>(ligitatim</span> <span class='ocrx_word' id='word_1_304' title='bbox 835 2545 1044 2576; x_wconf 84' lang='lat' dir='ltr'>emittentia.</span> <span class='ocrx_word' id='word_1_305' title='bbox 1105 2546 1229 2578; x_wconf 72' lang='lat' dir='ltr'>Axilloe</span> <span class='ocrx_word' id='word_1_306' title='bbox 1265 2548 1440 2589; x_wconf 75' lang='lat' dir='ltr'>patentes,</span> <span class='ocrx_word' id='word_1_307' title='bbox 1480 2554 1607 2587; x_wconf 87' lang='lat' dir='ltr'>parum</span> 
     </span>
     <span class='ocr_line' id='line_1_39' title="bbox 67 2594 1604 2642; baseline 0.008 -17"><span class='ocrx_word' id='word_1_308' title='bbox 67 2594 274 2628; x_wconf 84' lang='lat' dir='ltr'>rotundatae.</span> <span class='ocrx_word' id='word_1_309' title='bbox 338 2596 440 2629; x_wconf 85' lang='lat' dir='ltr'>Color</span> <span class='ocrx_word' id='word_1_310' title='bbox 478 2597 949 2642; x_wconf 78' lang='lat' dir='ltr'>amethystiiio-purpureus.</span> <span class='ocrx_word' id='word_1_311' title='bbox 1011 2601 1217 2636; x_wconf 86' lang='lat' dir='ltr'>Substantia</span> <span class='ocrx_word' id='word_1_312' title='bbox 1256 2612 1415 2637; x_wconf 74' lang='lat' dir='ltr'>carnosa.</span> <span class='ocrx_word' id='word_1_313' title='bbox 1467 2603 1604 2637; x_wconf 79' lang='lat' dir='ltr'>Cbarloe</span> 
     </span>
     <span class='ocr_line' id='line_1_40' title="bbox 65 2649 852 2692; baseline 0.01 -10"><span class='ocrx_word' id='word_1_314' title='bbox 65 2649 178 2684; x_wconf 86' lang='lat' dir='ltr'>laxius</span> <span class='ocrx_word' id='word_1_315' title='bbox 205 2652 372 2688; x_wconf 78' lang='lat' dir='ltr'>adhaeret.</span> <span class='ocrx_word' id='word_1_316' title='bbox 425 2656 585 2688; x_wconf 77' lang='lat' dir='ltr'>Sterilem</span> <span class='ocrx_word' id='word_1_317' title='bbox 612 2658 746 2690; x_wconf 79' lang='lat' dir='ltr'>tantum</span> <span class='ocrx_word' id='word_1_318' title='bbox 771 2658 852 2692; x_wconf 71' lang='lat' dir='ltr'>vidi.</span> 
     </span>
    </p>

    <p class='ocr_par' dir='ltr' id='par_1_10' title="bbox 65 2709 1604 2874">
     <span class='ocr_line' id='line_1_41' title="bbox 157 2709 1604 2764; baseline 0.01 -22"><span class='ocrx_word' id='word_1_319' title='bbox 157 2709 222 2743; x_wconf 90' lang='lat' dir='ltr'>Pro</span> <span class='ocrx_word' id='word_1_320' title='bbox 249 2711 429 2753; x_wconf 78' lang='lat' dir='ltr'>Gigartina</span> <span class='ocrx_word' id='word_1_321' title='bbox 453 2713 640 2747; x_wconf 83' lang='lat' dir='ltr'>Burmanni</span> <span class='ocrx_word' id='word_1_322' title='bbox 667 2715 788 2749; x_wconf 80' lang='lat' dir='ltr'>forsan</span> <span class='ocrx_word' id='word_1_323' title='bbox 814 2717 994 2762; x_wconf 84' lang='lat' dir='ltr'>habeatur,</span> <span class='ocrx_word' id='word_1_324' title='bbox 1022 2721 1057 2752; x_wconf 85' lang='lat' dir='ltr'>at</span> <span class='ocrx_word' id='word_1_325' title='bbox 1089 2722 1291 2754; x_wconf 80' lang='lat' dir='ltr'>accuratius</span> <span class='ocrx_word' id='word_1_326' title='bbox 1325 2722 1486 2764; x_wconf 80' lang='lat' dir='ltr'>inspecta</span> <span class='ocrx_word' id='word_1_327' title='bbox 1519 2731 1604 2755; x_wconf 89' lang='lat' dir='ltr'>sane</span> 
     </span>
     <span class='ocr_line' id='line_1_42' title="bbox 66 2765 1603 2823; baseline 0.01 -24"><span class='ocrx_word' id='word_1_328' title='bbox 66 2765 316 2802; x_wconf 88' lang='lat' dir='ltr'>diversissima.</span> <span class='ocrx_word' id='word_1_329' title='bbox 366 2770 543 2811; x_wconf 86' lang='lat' dir='ltr'>Quantum</span> <span class='ocrx_word' id='word_1_330' title='bbox 571 2781 614 2806; x_wconf 82' lang='lat' dir='ltr'>ex</span> <span class='ocrx_word' id='word_1_331' title='bbox 640 2775 818 2808; x_wconf 86' lang='lat' dir='ltr'>structura</span> <span class='ocrx_word' id='word_1_332' title='bbox 851 2775 1042 2821; x_wconf 85' lang='lat' dir='ltr'>judicetur,</span> <span class='ocrx_word' id='word_1_333' title='bbox 1081 2779 1220 2821; x_wconf 86' lang='lat' dir='ltr'>species</span> <span class='ocrx_word' id='word_1_334' title='bbox 1247 2788 1329 2813; x_wconf 90' lang='lat' dir='ltr'>vera</span> <span class='ocrx_word' id='word_1_335' title='bbox 1355 2779 1603 2823; x_wconf 73' lang='lat' dir='ltr'>Grateloupize.</span> 
     </span>
     <span class='ocr_line' id='line_1_43' title="bbox 65 2824 1115 2874; baseline 0.01 -16"><span class='ocrx_word' id='word_1_336' title='bbox 65 2824 101 2858; x_wconf 89' lang='lat' dir='ltr'>ln</span> <span class='ocrx_word' id='word_1_337' title='bbox 126 2825 192 2859; x_wconf 88' lang='lat' dir='ltr'>hoc</span> <span class='ocrx_word' id='word_1_338' title='bbox 218 2835 347 2868; x_wconf 79' lang='lat' dir='ltr'>genere</span> <span class='ocrx_word' id='word_1_339' title='bbox 374 2839 453 2864; x_wconf 87' lang='lat' dir='ltr'>cum</span> <span class='ocrx_word' id='word_1_340' title='bbox 479 2832 574 2865; x_wconf 88' lang='lat' dir='ltr'>nulla</span> <span class='ocrx_word' id='word_1_341' title='bbox 600 2833 720 2874; x_wconf 83' lang='lat' dir='ltr'>specie</span> <span class='ocrx_word' id='word_1_342' title='bbox 746 2832 850 2867; x_wconf 80' lang='lat' dir='ltr'>facile</span> <span class='ocrx_word' id='word_1_343' title='bbox 878 2834 1115 2870; x_wconf 82' lang='lat' dir='ltr'>confunditur.</span> 
     </span>
    </p>

    <p class='ocr_par' dir='ltr' id='par_1_11' title="bbox 1414 2896 1474 2929">
     <span class='ocr_line' id='line_1_44' title="bbox 1414 2896 1474 2929; baseline 0.017 -1"><span class='ocrx_word' id='word_1_344' title='bbox 1414 2896 1474 2929; x_wconf 68' lang='lat'>42*</span> 
     </span>
    </p>
   </div>
  </div>
 </body>
</html>
