1907 3004
87 63 331 125 Griffctltse‘a.
748 63 956 108 Graiium.
1555 64 1612 105 81

85 199 221 231 articuli
261 198 380 240 intimi,
419 196 521 238 paulo
560 197 756 238 crassioris,
797 197 911 229 adfixa
952 198 1023 238 est,
1058 203 1164 238 supra
1191 193 1473 236 sphrerosporam
1500 202 1617 227 ramus

85 257 254 290 involucri
281 256 366 288 iibra
394 255 600 287 tenuissima
627 256 862 288 continuatur.
918 253 952 286 In
981 254 1098 295 planta
1125 252 1259 285 saiellis
1286 251 1465 285 fructifera
1495 252 1618 284 ramuli

85 314 287 355 abbrexiati,
315 313 489 354 laterales,
517 313 662 353 singulis
690 314 846 347 articulis
873 315 1087 356 constantes,
1114 311 1355 354 pyrisormiter
1381 313 1500 355 inflati,
1517 313 1618 344 invo-

83 374 180 406 lucra
217 373 352 414 apicem
391 372 621 404 circumcirca
655 372 869 405 umbellatim
908 372 1080 413 disposita
1106 373 1247 412 gerunt3
1274 369 1533 403 involucrorum
1561 377 1619 400 ra-

85 430 175 462 melli
202 429 396 462 abbreviati
424 431 571 472 incurii,
597 433 699 463 unico
727 431 873 463 articulo
901 431 1095 473 constituti,
1117 429 1329 470 glomerulos
1346 428 1619 462 favellarumin-

84 488 278 521 cludentes.
328 487 464 519 Charta:
492 489 689 520 arctissime
717 488 882 521 adbaeret.

176 545 293 578 Planta
319 554 403 578 sane
431 547 617 586 singularis
644 551 678 580 et
703 547 967 579 characteribus
1007 546 1258 587 insignioribus
1298 546 1475 579 distincta.
1538 542 1619 576 leon

85 605 119 636 in
146 602 242 647 Eizqt.
269 602 345 636 Bot.
373 605 453 637 data
478 605 631 646 plantam
659 604 902 646 [mellifer-am,
929 604 1079 645 analysis
1105 603 1272 645 Dubyana
1299 604 1335 636 in
1356 603 1404 637 II.
1421 603 1523 636 Mcm.
1540 602 1619 636 (Ter.

85 662 254 694 ramulum
288 661 547 704 spliicrosporis
581 664 789 695 instructum
824 663 1006 694 monstrat.
1058 660 1133 702 lpse
1161 663 1347 703 utrumque
1374 662 1526 695 fructum
1554 661 1620 694 ob-

84 721 218 752 servavi
247 722 281 753 et
307 721 348 753 ad
374 722 535 762 proprias
563 720 829 752 observationes
856 728 962 760 supra
989 719 1174 761 descripsi.
1224 718 1470 751 Characierem
1487 719 1620 760 speciei

81 779 312 820 praecipuum,
339 787 443 820 quem
470 779 504 810 in
531 777 690 819 apicibus
718 777 871 809 comosis
897 777 1104 818 posuerunt,
1132 775 1211 807 huic
1239 776 1371 816 speciei
1395 776 1619 808 nonomnino

83 835 408 869 characteristicum
445 838 541 878 puto,
584 837 704 877 utpote
738 835 890 867 eundem
917 835 951 866 in
981 833 1104 866 fronde
1133 832 1322 865 savellisera
1350 832 1406 865 Gr.
1437 833 1618 866 corallince

84 892 278 927 observavi.

83 1073 117 1113 3.
156 1074 381 1116 Incolncra
419 1074 807 1126 sphmrosporarmn
846 1075 1035 1115 rainellis
1066 1073 1326 1126 simplicibus
1360 1072 1620 1115 abbreviatis

81 1145 270 1184 inemcis
309 1145 566 1193 constantia,
597 1145 640 1183 in
671 1143 834 1183 ramulo
866 1143 1094 1194 pyriformi
1125 1142 1295 1183 laterali
1327 1142 1619 1192 snbsotitarin,

85 1211 328 1251 terminalia
364 1215 438 1252 ant
477 1211 657 1252 articulo
693 1210 857 1261 stnqnto
882 1212 1088 1261 paucisne
1117 1211 1301 1262 sertitem
1332 1212 1618 1251 continuante.

83 1313 118 1351 5.
150 1316 211 1352 Gn.
244 1323 517 1352 ruitLAiiruonA
550 1311 611 1364 [J.
644 1315 708 1361 Ay.
741 1313 823 1362 Alq.
865 1313 962 1351 med.
999 1325 1036 1362 p.
1079 1311 1151 1361 77)
1193 1327 1343 1365 repens,
1383 1314 1519 1352 fronde
1560 1316 1623 1353 iu—

196 1383 302 1419 serne
342 1383 558 1420 dicliotoma
600 1393 767 1431 superne
819 1381 1253 1432 subsecunde-ramosa,
1296 1383 1504 1430 segmentis
1550 1396 1621 1433 pa-

194 1448 371 1499 tentibus,
416 1449 583 1487 articulis
626 1449 890 1498 superioribus
936 1449 1383 1499 cylindraceo—oblongis
1432 1450 1621 1488 diametro

198 1515 375 1564 4--6p10‘
415 1517 666 1567 longioribus,
713 1518 900 1554 fertilibus
946 1517 1215 1566 pyrisormibus
1253 1516 1412 1555 articulo
1458 1518 1621 1567 simplici

196 1583 486 1632 ainpuliaesonui
535 1584 710 1632 paucisve
758 1584 972 1634 coronatis,
1023 1585 1118 1622 intra
1173 1584 1412 1623 involucrum
1458 1585 1622 1622 ramellis

194 1650 429 1699 simplicibus
467 1651 693 1689 abbreiiaiis
738 1652 902 1690 incurvis
939 1655 1115 1690 constans
1154 1654 1437 1702 spliaerosporas
1477 1662 1622 1700 geren-

194 1717 305 1755 tibus.

177 1793 368 1827 Griffithsia
393 1794 657 1837 pliyllamphora
681 1793 714 1828 J.
742 1795 799 1840 Agl.
827 1796 847 1830 t.
874 1807 903 1830 c.
930 1795 1032 1830 Ii'z'itz..
1059 1805 1109 1840 sp.
1134 1806 1168 1840 p.
1197 1797 1276 1829 661!

195 1864 281 1902 Hal).
322 1864 420 1902 inter
456 1865 546 1902 alias
584 1867 688 1914 Algas
723 1878 873 1917 repens,
906 1867 942 1905 in
975 1868 1095 1905 limite
1127 1868 1241 1905 maris
1271 1868 1544 1906 mediterranei
1575 1869 1619 1908 ad

81 1932 207 1971 littora
239 1934 364 1970 Galliae
396 1936 432 1970 et
463 1932 573 1971 ltaliae
605 1935 731 1982 (lpsel
765 1936 1062 1983 reri-eyinond'.)
1094 1936 1139 1974 ad
1171 1937 1308 1985 'l‘ingin
1340 1938 1622 1987 (Scliousboe'.)

177 2009 347 2052 Caespites
385 2010 558 2053 depressi,
597 2013 814 2052 expansione
853 2013 1022 2045 unciales.
1084 2012 1239 2046 Frondes
1277 2014 1369 2047 inter
1407 2016 1492 2048 alias
1519 2015 1622 2056 Algas

84 2072 259 2114 repentes,
287 2070 513 2112 tenuissimae,
541 2069 675 2102 inferne
703 2071 942 2112 irregulariter
968 2071 1181 2105 dichotomae
1208 2072 1442 2115 nudiusculae,
1469 2081 1623 2115 superne

85 2136 211 2171 ramos,
238 2128 374 2169 apicem
401 2136 523 2160 versus
549 2129 681 2161 sensim
708 2128 900 2172 breviores,
928 2130 1174 2162 subsecundos
1203 2130 1258 2162 vel
1284 2139 1392 2172 vagos
1409 2132 1622 2165 emittentes.

84 2186 230 2218 Articuli
268 2186 438 2219 diametro
477 2185 625 2228 li-Gplo
666 2188 854 2230 longiores,
896 2188 1029 2221 inferne
1067 2189 1178 2229 magis
1218 2188 1442 2232 cylindracei,
1469 2196 1622 2230 superne

86 2243 257 2283 geniculis
295 2244 421 2275 eximie
460 2247 653 2278 contractis
693 2247 806 2286 magis
843 2246 996 2288 oblongi,
1030 2247 1214 2288 superiore
1241 2247 1341 2288 apice
1367 2248 1541 2287 remigero
1567 2248 1623 2279 in-

86 2302 186 2342 flato,
214 2299 391 2340 fructigcri
417 2302 543 2333 eximie
569 2302 790 2345 pyt-isermcs,
818 2303 903 2336 infra
932 2305 1070 2345 apicem
1096 2304 1310 2337 ramulorum
1335 2305 1457 2347 siti,et
1473 2304 1622 2336 articulo

87 2359 191 2390 unico
232 2358 496 2399 ampullsrl'ormi
537 2359 589 2390 vel
628 2361 758 2401 stt-pius
792 2371 897 2402 ramo,
925 2362 1082 2394 articulis
1109 2363 1198 2394 2-3
1225 2363 1425 2403 constante,
1453 2363 1622 2403 coronati,

86 2416 351 2458 sphaerosporas
378 2418 409 2448 in
438 2418 514 2449 sinu
542 2417 632 2448 inter
658 2419 824 2450 articulos
854 2420 990 2451 inflatos
1019 2420 1140 2452 relicto
1168 2422 1343 2459 gei-entes.
1402 2418 1623 2451 involucrum

85 2473 191 2515 paulo
233 2474 322 2506 inira
359 2475 494 2516 apicem
535 2475 670 2506 articuli
715 2476 915 2516 pyrisormis
950 2478 1135 2517 egrediens
1163 2480 1197 2510 et
1223 2478 1424 2518 geniculum
1451 2476 1622 2509 verticillo

86 2533 309 2565 ramellorum
348 2534 505 2573 cingens,
547 2532 698 2564 ramellis
737 2533 959 2575 simplicibus
998 2535 1164 2576 incurvis,
1203 2543 1309 2576 supra
1339 2534 1539 2575 geniculum
1565 2535 1623 2567 xix

87 2591 446 2634 supereminentibus,
473 2592 652 2623 constans.
701 2591 803 2623 Color
830 2594 865 2624 et
890 2591 1085 2624 substantia
1114 2595 1334 2625 caeterarum.

182 2648 328 2690 Species
354 2650 493 2690 generis
519 2648 592 2680 sere
620 2650 837 2692 tenuissima,
864 2650 921 2682 vix
948 2650 1136 2693 capularis,
1165 2650 1417 2683 ramiiicatione
1440 2650 1621 2691 irregulari

88 2715 105 2738 a
130 2707 289 2748 plurimis
331 2707 513 2750 abludens,
553 2706 830 2739 conformatione
863 2707 997 2741 fructus
1024 2708 1303 2741 distinctissima.
1352 2707 1396 2741 Ut
1420 2709 1454 2740 in
1480 2709 1623 2750 specie-

86 2763 153 2797 bus
180 2764 472 2798 antecedentibus
510 2767 592 2797 sunt
630 2765 810 2797 involucra
843 2767 936 2798 circa
964 2767 1163 2807 geniculum
1190 2767 1409 2810 verticillata,
1437 2769 1472 2800 et
1498 2767 1622 2799 fertilis

88 2823 257 2856 articulus
281 2823 441 2865 pluribus
469 2824 625 2857 articulis
654 2824 832 2858 sterilibus
859 2826 1094 2859 continuatur.
1144 2825 1213 2858 Sed
1241 2826 1365 2859 unicus
1392 2825 1560 2858 articulus
1589 2825 1622 2857 in

1473 2884 1491 2917 ὓ
