1907 3004
88 59 372 121 Grateloupia.
640 62 926 108 Cairroxmmis.
1525 71 1545 110 1
1558 72 1614 113 81

86 196 148 229 has
175 203 296 228 omnes
323 195 460 237 species
487 195 606 237 plures
630 196 791 239 laterent,
820 198 898 230 novi
923 207 1006 231 sane
1022 198 1244 233 characteres
1259 200 1313 234 bis
1329 203 1508 245 quaerendi
1524 205 1616 236 sunt.

85 253 216 286 Forsan
253 253 419 286 differunt
457 252 689 294 dispositione
727 254 1066 296 splimrosporarum.
1129 258 1163 290 In
1203 258 1313 292 forma
1357 260 1616 293 mediterranea

84 310 350 351 spbmrosporas
386 311 490 352 paulo
529 320 635 352 supra
676 312 796 344 basem
830 315 947 355 pinnoe
974 316 1180 349 incrassatae
1222 320 1429 358 aggregatas
1469 318 1556 361 vidi3
1582 321 1615 351 iu

83 369 199 410 planta
226 369 369 408 Anglica
396 370 504 400 totam
530 369 681 401 mediam
713 371 905 414 pinnulam,
932 373 989 405 vix
1016 375 1210 414 conspicue
1236 376 1479 419 incrassatam,
1506 385 1616 409 occu-

81 428 182 467 pant3
209 426 242 458 in
268 426 388 470 forma,
416 436 518 469 quam
546 436 750 469 porraceam
785 428 914 471 dieunt,
953 430 1219 472 spbaerosporas
1248 434 1281 465 in
1308 435 1490 474 superiore
1516 436 1615 476 parte

81 484 235 525 pinnulae
272 486 453 526 pertenuis
489 486 602 518 laxius
629 486 820 527 dispositas
847 487 1045 519 observavi.
1096 488 1216 521 Utrum
1241 498 1323 523 vero
1352 490 1426 523 liat-c
1454 490 1616 533 sphaero-

81 549 266 582 sporarum
304 541 441 575 diversa
469 543 653 586 dispositio
681 543 822 576 fortuita
851 546 906 587 sit,
934 553 976 578 an
1003 547 1142 588 species
1170 547 1328 581 diversas
1354 549 1494 592 indicet,
1522 549 1615 592 diju-

82 599 200 632 dicare
225 608 295 632 non
321 601 444 634 audeo.

84 701 116 740 4.
147 706 209 741 Gn.
241 712 470 741 raoiioxclm
503 701 564 754 (J.
596 705 660 752 Ay.
692 703 777 753 Aly.
809 704 955 742 Liebm.
985 705 1029 744 in
1059 707 1142 744 Act.
1174 707 1295 746 Holm.
1339 707 1441 746 4847
1473 721 1514 758 p.
1551 710 1617 759 lo)

190 771 327 808 fronde
359 773 721 820 compresso-plana
754 772 931 809 undulata
963 772 1176 822 interrupte
1206 774 1361 823 pinnata
1392 779 1429 812 ct
1458 788 1477 814 a
1509 777 1614 816 diseo

191 838 385 888 prolisera,
410 838 525 886 apice·
550 838 776 886 prolongato
808 838 1053 888 nudiuscula;
1084 839 1213 887 pinnis
1244 852 1264 877 a
1295 841 1373 878 basi
1406 844 1615 891 angustiori

189 903 546 954 lineari-stibulatis‚
577 904 786 951 majoribus
817 905 1110 955 minoribusque
1142 907 1382 946 intermixtis.

169 980 393 1021 Grateloupia
420 980 627 1022 prolongata
652 978 683 1013 J.
710 978 768 1023 Ay.
795 980 816 1014 l.
844 991 873 1014 c.
899 980 1002 1014 Kritz.
1029 992 1079 1026 sp.
1102 992 1138 1026 p.
1167 984 1247 1016 730!

187 1050 273 1088 Haib.
305 1050 349 1087 ad
382 1051 549 1089 Poclietti
581 1051 617 1088 in
649 1052 775 1089 littore
806 1052 1002 1091 Mexicano
1035 1055 1168 1092 oceani
1194 1055 1340 1092 Pacifici
1360 1056 1613 1106 (Liebmanl).

166 1127 287 1161 Planta
325 1127 381 1159 Gr.
414 1127 556 1160 filicinae
595 1129 691 1160 certe
729 1130 908 1172 proxima,
945 1139 1041 1170 aegre
1080 1131 1345 1164 characteribus
1385 1136 1614 1168 circumscri-

73 1188 190 1221 benda
216 1189 251 1220 et
275 1187 366 1219 illius
406 1184 524 1218 forsan
550 1187 686 1219 tantum
710 1189 862 1220 varietas
890 1196 907 1219 a
935 1189 1013 1221 loco
1039 1190 1145 1222 natali
1178 1190 1349 1231 pendens.
1406 1192 1466 1224 Est
1492 1194 1612 1238 mnjor,

75 1245 269 1287 simplicior
296 1247 330 1277 et
357 1247 467 1286 magis
500 1246 739 1286 irregulariter
776 1248 932 1288 pinnata.
996 1247 1152 1281 Frondes
1180 1257 1196 1281 a
1223 1249 1342 1282 radice
1368 1252 1505 1284 scutata
1532 1261 1615 1292 gre-

75 1304 193 1346 gariae,
231 1301 522 1347 4-8pollicares‚
561 1304 763 1336 2—3lineas
800 1305 892 1348 latre,
931 1306 1092 1350 lineares,
1125 1307 1260 1340 inferne
1292 1309 1409 1349 pinnis
1436 1311 1614 1343 nonnullis

75 1360 303 1403 longioribus,
339 1361 551 1394 intermixtis
588 1361 820 1405 brevioribus,
848 1363 986 1407 obsitae,
1015 1365 1094 1397 dein
1122 1365 1194 1398 sere
1221 1367 1401 1408 simplic-es
1428 1368 1615 1402 subundu-

74 1421 166 1460 latae,
193 1419 409 1460 marginibus
435 1422 470 1453 et
495 1420 594 1453 disco
621 1429 714 1453 nunc
740 1422 855 1464 nudiS,
882 1431 974 1454 nunc
1001 1424 1152 1464 sparsim
1177 1425 1294 1465 pinnis
1310 1423 1476 1458 brevibus
1501 1426 1614 1460 subu-

73 1479 153 1511 latis
179 1477 316 1510 obsitis.
365 1476 467 1510 Color
492 1479 931 1512 violaceo-atrovirescens
958 1483 993 1514 et:
1018 1481 1215 1514 substantia
1243 1483 1496 1517 antecedentis.

75 1581 109 1619 5.
140 1584 201 1619 Gn.
232 1589 435 1620 CUNEIFOLIA
473 1580 528 1626 (J.
560 1582 627 1629 Ay.
660 1593 776 1620 mser.
809 1585 850 1620 in
881 1583 949 1622 Hb.
982 1583 1173 1636 Binder.)
1205 1586 1343 1623 fronde
1362 1587 1469 1635 plana
1489 1599 1614 1626 cune-

182 1648 409 1685 ato-lineari
449 1649 616 1698 pinnata,
657 1650 716 1686 liic
761 1650 837 1687 illic
883 1651 1036 1689 dilatata
1078 1655 1115 1689 et
1158 1653 1332 1704 palmata,
1373 1655 1544 1702 margine
1576 1660 1614 1694 et

184 1715 290 1752 disco
336 1715 432 1752 ciliis
476 1716 692 1754 minoribus
740 1716 876 1769 obsita,
922 1719 1130 1767 segmentis
1177 1719 1382 1757 linearibus
1428 1721 1612 1769 elongatis

183 1781 462 1820 obtusiusculis.

164 1858 386 1901 Grateloupia
426 1859 614 1893 cuneisolia
650 1859 683 1893 J.
722 1859 782 1904 Αῃ,
821 1869 930 1895 mser.
971 1860 1045 1896 Act.
1071 1861 1184 1896 Holm.
1213 1855 1353 1906 Osvers.
1381 1864 1468 1899 4849
1489 1876 1524 1910 p.
1552 1868 1609 1901 85!

71 1916 173 1951 Kritz.
199 1926 249 1960 sp.
271 1927 307 1960 p.
333 1918 417 1951 732!

182 1988 269 2026 Hab.
301 1988 339 2025 in
370 1988 465 2026 mari
495 1989 609 2027 Indiae
641 1990 888 2028 occidentalis
919 1992 964 2028 ad
997 1995 1039 2029 La
1071 1995 1215 2040 Guayra
1248 1993 1333 2043 (ΙΙΙ).
1364 1994 1556 2039 Bindertl.

165 2064 310 2107 Species
336 2065 438 2107 hujus
465 2067 633 2099 sectionis
659 2066 762 2100 facile
791 2069 955 2100 maxima.
1003 2068 1159 2102 Frondes
1187 2078 1205 2102 a
1232 2071 1351 2103 radice
1377 2074 1515 2106 scutata
1530 2084 1612 2107 sur-

73 2126 195 2163 gentes
235 2124 415 2166 gregarios,
455 2132 548 2156 nuno
581 2124 731 2157 lineares
761 2126 1063 2170 simpliciusculae,
1091 2136 1183 2159 nunc
1209 2129 1320 2168 magis
1347 2133 1507 2164 cuneatae
1534 2133 1612 2173 api-

73 2189 183 2222 ceque
211 2182 370 2212 truncato
397 2180 572 2224 palmatae,
598 2191 690 2214 nunc
725 2182 1002 2224 subregulariter
1038 2185 1204 2228 pinnatae,
1232 2186 1373 2220 latiores
1400 2189 1472 2222 lere
1498 2200 1610 2232 usque

71 2239 236 2280 pollicem
274 2239 365 2287 latae,
402 2237 579 2278 longiores
617 2239 844 2281 subpedales.
905 2241 1024 2274 Pinnae
1061 2244 1096 2274 et
1120 2247 1304 2283 segmenta
1330 2247 1611 2288 simpliciuscula

74 2296 229 2338 linearia,
268 2297 424 2336 margine
461 2297 554 2329 nuda
592 2299 651 2329 aut.
686 2298 841 2338 pinnulis
867 2301 1011 2332 minutis
1039 2301 1167 2344 ciliata⁷
1195 2302 1397 2336 2—3lineas
1425 2305 1504 2347 lata,
1531 2305 1609 2338 basi

74 2355 243 2396 apiceque
271 2354 484 2394 angustiora.
545 2353 822 2387 Prolificationes
858 2357 1002 2389 minutae
1028 2359 1062 2390 in
1088 2367 1187 2400 spec.
1213 2362 1323 2391 nostr.
1350 2370 1443 2393 nunc
1470 2361 1608 2405 adsunt,

72 2418 165 2443 nunc
204 2412 322 2445 nullae.
383 2412 486 2445 Color
523 2414 791 2446 atrovirescens.
865 2414 1068 2449 Substantia
1103 2417 1610 2453 membranaeeo-subcartila-

73 2478 186 2510 ginea.

165 2526 311 2569 Species
349 2530 425 2562 sine
464 2529 569 2562 dubio
608 2530 787 2573 distincta,
814 2530 898 2563 licet
923 2530 998 2564 haec
1026 2542 1165 2576 quoque
1193 2533 1397 2568 charactere
1424 2543 1517 2576 {egre
1545 2535 1609 2568 de-

72 2586 223 2619 finiatur.
274 2586 462 2628 Segmenta
488 2589 662 2631 pinnoeve‚
690 2596 793 2630 quam
822 2589 854 2620 in
882 2591 1022 2623 caeteris
1050 2591 1157 2624 multo
1184 2592 1319 2634 latiora,
1334 2591 1608 2634 babitumplan-

73 2645 116 2676 tae
143 2644 301 2678 tribuunt
326 2646 466 2678 omnino
494 2646 727 2689 peculiarem,
755 2646 845 2679 unde
872 2648 981 2680 semel
1007 2649 1081 2681 visa
1107 2648 1270 2682 facillime
1299 2649 1537 2690 dignoscatur.

75 2745 110 2784 6.
141 2747 202 2783 GR.
234 2756 447 2786 VERfflCOLOR
480 2747 536 2793 [J.
568 2749 634 2796 Aa.
672 2748 755 2797 Δίῃ.
793 2749 898 2788 Lz’eb.
933 2761 971 2798 p.
1017 2750 1081 2797 ⁴0)
1118 2752 1253 2789 fronde
1289 2754 1399 2801 plana
1439 2755 1606 2792 crassiu-

183 2814 284 2851 scula
327 2815 513 2864 pinnatiin
554 2815 830 2868 decomposita,
873 2817 997 2866 pimus
1039 2819 1246 2857 linearibus
1287 2820 1467 2869 utrinque
1505 2825 1606 2858 atte-
