1907 3004
69 113 353 159 Nemasloma.
689 113 977 156 Carrroxmissffi.
1512 116 1532 156 1
1545 118 1569 157 6
1578 117 1603 158 3

71 247 107 286 in
140 246 412 296 speciminibus
456 245 559 283 enim
603 246 751 283 tavellas
791 246 1010 293 gerentibus
1053 247 1196 284 cellulre
1241 247 1406 294 majores
1437 248 1604 294 (extim-‘e

70 315 197 352 forsan
243 313 346 351 strati
392 312 540 362 medii),
585 313 763 350 nucleum
804 315 1014 351 coloratum
1050 313 1249 351 indivisum
1283 315 1376 352 intra
1408 316 1605 352 membra-

69 372 154 418 nam
178 381 476 429 soveutes,smpe
510 380 772 424 observantur,
804 391 896 427 quas
929 381 1076 418 tavellas
1109 381 1329 418 inchoantes
1360 382 1493 420 sistere
1526 384 1605 419 sere

68 448 251 496 suspicor⁴
298 446 510 494 (Ejusmodi
543 446 663 495 prima
696 447 800 483 initia
832 447 1129 485 fructificationis
1162 448 1198 485 in
1229 449 1482 496 Schizymenia
1502 453 1606 488 Mer-

68 515 237 552 tensiana
278 517 373 552 Post.
413 517 450 550 et
488 516 597 561 ltupr.
638 517 750 562 atque
782 514 1048 561 congenericis
1081 514 1252 562 pluribus
1284 516 1497 563 frequentia
1531 517 1605 554 ob-

68 582 245 627 servavi).
312 580 521 617 Gemiuidia
564 580 691 628 itaque
732 581 768 616 in
806 579 966 627 juvenili
1012 581 1133 617 sructu
1177 593 1308 633 pauca,
1348 583 1384 620 in
1417 584 1606 621 adultiore

67 647 207 685 sensim
253 647 372 696 plura,
417 646 573 684 binatim
620 650 683 684 aut
726 648 979 695 quaternatim
1025 648 1274 699 cohaerentia,
1321 652 1448 688 omnia
1492 664 1605 690 muco

68 715 216 762 hyalino
257 725 324 751 seu
362 714 620 762 peridermate
664 725 824 751 mucoso
866 714 1039 751 cohibita.
1076 735 1131 740 ——
1167 716 1454 765 Sphaerosporas
1486 719 1606 756 nullas

68 782 159 830 vidi,
199 781 402 829 gemmidia
440 784 565 818 autem
599 782 830 818 Favellarum
862 782 1146 829 spl1aerosp0ras
1177 782 1381 829 aliquando
1417 785 1605 835 referunt,

67 861 113 886 an
151 850 422 897 sphaerosporae
464 850 687 897 aggregatae,
719 851 759 884 ut
789 847 826 883 in
858 847 1062 898 Gigartina,
1094 847 1142 884 ita
1175 848 1210 885 in
1243 851 1418 897 praesenti
1451 862 1605 900 quoque

68 927 210 964 genere
242 914 477 953 obveniant?

176 985 426 1021 Nemastomae
465 992 585 1029 genus
625 981 661 1018 in
705 982 801 1030 Algis
835 982 1127 1020 mediterraneis
1159 994 1178 1020 a
1211 994 1272 1020 me
1304 984 1457 1031 quidem
1491 984 1605 1023 insti-

66 1052 199 1099 tutum,
238 1049 305 1086 sed
344 1051 454 1088 latius
491 1061 604 1098 quam
644 1051 696 1087 sas
729 1050 798 1086 suit
828 1053 972 1101 patens,
1003 1051 1152 1088 lridaeas
1183 1051 1357 1089 Grevillei
1391 1057 1430 1090 ut
1459 1055 1606 1093 sectio-

66 1129 154 1155 nem
184 1117 378 1166 propriam
409 1128 564 1166 quoque
595 1117 932 1166 complectebatur.
992 1119 1149 1166 Iititzing
1181 1130 1300 1166 genus
1332 1122 1606 1170 Gymnophtaeae

66 1186 189 1223 eidem
229 1187 364 1235 plantae
406 1186 535 1235 typicae
575 1186 612 1223 in
652 1186 874 1233 Phycologia
916 1197 981 1223 sua
1015 1186 1200 1236 condidit,
1232 1187 1450 1226 charactere
1481 1201 1500 1226 a
1532 1191 1606 1227 de-

65 1253 215 1290 ficiente
256 1254 418 1290 cuticula
456 1253 588 1303 petito,
629 1252 811 1290 limitibus
841 1264 997 1301 quoque
1029 1253 1208 1301 legitimis
1239 1253 1374 1292 ductis.
1433 1259 1471 1293 ln
1504 1257 1606 1294 revi-

66 1321 173 1357 sione
216 1321 433 1358 lridaearum
474 1321 711 1370 capensium,
758 1331 871 1369 quam
910 1321 946 1357 in
986 1323 1059 1358 Act.
1094 1322 1212 1359 [lolin.
1250 1321 1353 1359 4847
1382 1323 1483 1375 dedi,
1516 1325 1607 1361 cha-

66 1391 252 1425 racterem
291 1400 309 1425 a
350 1388 546 1435 Kutzingio
588 1388 811 1438 indicatum,
842 1399 955 1436 quem
987 1391 1096 1425 antea
1131 1389 1350 1440 omiseram,
1382 1391 1483 1427 inter
1513 1392 1605 1428 cha-

67 1458 233 1492 racteres
271 1455 422 1502 generis
464 1455 636 1504 assumsi,
679 1458 791 1503 atque
833 1466 951 1503 genus
983 1465 1079 1492 nova
1112 1459 1149 1492 et
1178 1456 1316 1504 insigni
1348 1459 1475 1506 specie
1507 1459 1603 1496 auxi.

66 1523 186 1560 Hodie
217 1534 307 1560 vero
339 1523 438 1559 hunc
468 1523 725 1560 characterem
755 1522 916 1559 minoris
949 1523 1135 1560 momenti
1178 1524 1396 1575 considero,
1443 1525 1604 1562 inventis

66 1590 268 1638 speciebus
311 1593 388 1627 tota
429 1593 615 1628 structura
656 1589 986 1639 corwenientilms,
1017 1593 1053 1626 at
1083 1601 1197 1627 muco
1228 1591 1485 1629 solidescente
1516 1592 1604 1629 cin-

68 1658 148 1695 ctis.
207 1658 389 1708 Cuticula,
420 1657 458 1695 ni
493 1658 613 1708 fallor,
643 1669 663 1694 a
693 1668 820 1707 muco,
851 1658 910 1694 fila
943 1657 1180 1705 peripherica
1214 1658 1448 1708 includente,
1467 1658 1605 1707 oritur,

66 1725 105 1761 in
138 1724 332 1761 nonnullis
368 1724 569 1774 speciebus
616 1725 777 1772 gelatina
808 1724 980 1761 ambiens
1012 1735 1168 1761 mucosa
1197 1728 1340 1775 manet,
1372 1728 1408 1762 et
1439 1726 1510 1774 fila,
1542 1725 1606 1762 in-

67 1791 189 1829 vicem
226 1791 429 1843 sublibera,
467 1792 612 1839 singula
650 1791 783 1840 ambit,
816 1792 852 1828 in
883 1791 964 1828 aliis
996 1791 1197 1839 speciebus
1229 1791 1362 1829 eadem
1393 1792 1540 1830 firmior
1570 1797 1607 1829 ct

66 1860 315 1910 solidescens,
358 1860 395 1897 in
438 1860 654 1910 cuticulam,
695 1859 822 1896 omnia
866 1859 925 1895 fila
968 1859 1080 1896 simul
1123 1859 1397 1909 includentem,
1427 1856 1604 1897 mutatur.

67 1927 272 1976 Speciebus
302 1929 374 1966 hoc
404 1927 522 1964 modo
555 1926 712 1963 diversis
743 1926 956 1973 subgenera
988 1926 1135 1963 interea
1168 1926 1304 1964 creavi.

178 1996 304 2032 Genus
342 1994 432 2031 mihi
472 1994 621 2031 videtur
662 1993 706 2030 ad
739 1993 1034 2040 sctazymeaiam
1068 1993 1241 2042 proxime
1272 1993 1472 2043 accedens,
1503 1997 1607 2032 stru—

69 2065 173 2099 ctura
205 2065 242 2098 ct
273 2061 468 2111 fructibus,
500 2064 682 2109 quantum
715 2060 965 2110 innotuerint,
997 2060 1034 2097 in
1055 2063 1218 2108 utroque
1237 2071 1380 2108 genere
1406 2061 1486 2098 sere
1506 2073 1606 2099 con·-

69 2127 326 2177 venientibus;
356 2128 536 2165 differunt
566 2127 692 2164 habitu
724 2130 761 2164 et
792 2127 1076 2165 ramificationis
1107 2127 1248 2164 indole.
1321 2132 1346 2166 Α
1379 2129 1606 2178 [lalymenia,

69 2197 177 2243 cujus
214 2197 361 2245 species
397 2195 592 2234 nonnullae
631 2195 756 2232 habitu
788 2195 884 2232 mire
925 2195 1107 2245 referunt,
1140 2195 1336 2244 utriusque
1367 2195 1470 2232 strati
1501 2198 1606 2232 stru-

71 2266 175 2300 ctura
219 2263 363 2300 facilius
401 2262 654 2308 distinguitur.
721 2265 745 2300 Α
786 2262 1001 2313 Dumontia,
1033 2273 1115 2310 qucc
1146 2265 1333 2300 structura
1364 2262 1467 2300 strati
1501 2263 1607 2310 peri-

71 2329 214 2378 pherici
264 2330 343 2367 sere
388 2328 580 2379 convenit,
623 2328 748 2365 differt
792 2332 829 2365 et
874 2329 997 2366 fructu
1044 2332 1082 2366 et
1122 2331 1238 2366 strato
1272 2329 1455 2366 interiore
1485 2328 1605 2364 multo

71 2395 267 2433 densiore.

135 2563 160 2600 1.
193 2569 446 2600 cursorium.
478 2558 572 2600 Fila
602 2561 730 2599 slralc‘
761 2560 985 2599 esleriore's
1015 2560 1192 2599 imicem
1223 2558 1437 2600 szcble‘bera
1468 2563 1543 2600 acet

476 2639 594 2668 muco
626 2627 780 2667 lem-tort
812 2629 975 2667 lantum
1006 2625 1198 2667 coliibe'la.

77 2726 108 2767 ’1.
140 2731 180 2768 Ν.
212 2739 463 2769 vestimentum
494 2730 549 2775 (J.
586 2731 652 2778 Ay.
693 2727 836 2778 mser.)
877 2728 1013 2766 fronde
1057 2728 1440 2777 gelatinoso—lubrica
1483 2730 1606 2777 cylin-

182 2797 571 2846 draceo-compressa
601 2796 857 2846 subpinnatim
890 2807 1037 2833 ramosa
1068 2795 1342 2847 decomposita,
1367 2797 1521 2834 ramulis
1538 2807 1607 2834 su-

183 2865 402 2914 perioribus
434 2866 618 2914 elongatis
649 2864 869 2913 longissime
899 2864 1100 2902 attenuatis
1130 2864 1259 2902 acutis.

1417 2927 1476 2962 tl*
