1907 3004
69 56 234 103 Iridoea.
266 82 280 92 κ
715 57 962 101 GlGAR‘HNEAE.
1508 61 1601 102 253

68 190 166 223 licari
192 189 411 233 planiusculo
438 191 634 231 surgentes,
670 189 749 222 dein
777 189 958 232 abruptius
987 188 1161 222 cuneatim
1189 197 1355 230 expansoe
1383 191 1416 223 in
1442 190 1605 224 laminam

71 249 143 282 sere
181 252 317 282 ovatam
355 249 414 281 aut
453 247 650 290 oblongam,
681 249 715 280 iu
741 249 873 281 nostris
899 249 1172 290 integerrimam,
1199 247 1320 279 laevem
1348 251 1408 280 aut
1433 247 1606 282 fructibus

69 307 350 348 prominentibus
378 315 615 348 verrucosam,
642 307 742 348 apice
768 305 1258 339 rotuudam-obtusissimam.
1301 306 1403 338 Color
1429 315 1473 339 ex
1499 307 1604 339 livido

71 365 287 398 suscesceus.
350 364 553 398 Substantia
591 364 803 406 gelatinosa,
842 365 1031 396 exsiccata}
1069 363 1309 403 cartilaginea.
1347 383 1393 387 -—
1429 363 1607 398 Juveniles

72 423 212 456 frondes
239 422 347 465 (3-4-
373 423 482 456 lineas
508 423 639 465 longze)
667 424 749 455 suut
775 421 1170 465 levitercanaliculata‘,
1193 423 1304 462 magis
1320 423 1491 467 obovatoe,
1507 425 1607 466 apice

75 481 300 514 sulirecurxo.

165 539 308 582 Species
347 542 423 573 sine
461 541 566 573 dubio
606 540 782 584 distincta,
816 541 898 572 licet
931 547 1024 579 aegre
1052 539 1261 572 delinienda.
1311 538 1457 572 Caeteris
1484 540 1607 583 minor,

74 599 188 629 tamen
216 599 361 642 matura,
388 599 426 630 ut
451 607 494 631 ex
520 598 692 631 fructibus
718 599 826 639 patet.
855 597 972 637 Stipes
1000 598 1037 629 ut
1062 598 1095 628 in
1122 595 1164 629 lr.
1183 596 1436 629 Laminarioide
1453 597 1608 640 evidens,

73 655 138 687 scd
174 656 322 697 planior.
383 656 522 689 Lamina
561 665 629 690 non
663 657 711 688 ita
736 657 868 688 sensim
895 656 929 686 iu
957 655 1112 696 stipitem
1138 656 1317 686 attenuata
1343 663 1384 687 ac
1412 657 1444 688 in
1472 654 1513 688 Ir.
1542 655 1609 687 La-

73 714 291 746 minarioide.
340 712 464 746 Forma
490 714 639 756 denique
666 714 744 745 alia.
792 711 971 745 Juveniles
997 711 1138 743 frondes
1165 710 1206 744 lr.
1236 711 1511 745 Laminarioides
1529 714 1611 745 suut

74 772 214 803 omnino
241 771 439 814 cucullatae,
466 773 626 804 acumine
653 771 805 803 evidenti
833 772 1028 812 superatae,
1054 770 1089 801 in
1115 770 1281 811 prm-senti
1308 772 1391 802 sunt
1416 771 1474 803 vix
1500 779 1609 803 cana-

73 827 238 862 liculatae.
287 828 337 861 Ex
362 829 440 861 loco
466 829 571 861 natali
598 828 688 861 hanc
714 829 871 870 speciem
897 829 1015 869 potius
1042 826 1066 859 l.
1093 827 1324 868 Cornucopire
1340 827 1433 860 Post.
1453 828 1607 870 etRupr.

73 886 200 918 sistere
237 884 355 918 forsan
393 887 470 928 quis
508 886 685 926 crederet,
723 886 786 918 sed
824 894 867 918 ex
905 887 978 919 tota
1019 885 1259 926 descriptione
1297 886 1412 928 patet,
1452 885 1609 919 lridaeam

74 944 303 987 Cornucopiae
329 953 410 978 esse
434 943 476 977 lr.
503 944 751 977 Lamiuarioidi
777 945 975 986 proximam
1002 945 1037 976 et
1064 945 1098 976 ni
1127 943 1226 976 fallor
1251 943 1457 976 identicam.

78 1046 498 1086 4.1n.1,Ai11NA111011›rs
541 1049 668 1097 (Bory
717 1048 802 1096 Voy.
844 1046 965 1097 Coqu.
1006 1059 1046 1095 p.
1099 1046 1192 1095 405)
1240 1046 1375 1086 fronde
1421 1047 1611 1084 obovato-

186 1115 333 1167 lineari,
377 1117 671 1165 simpliciuseula
717 1120 780 1154 aut
825 1116 862 1153 in
908 1115 1063 1153 lacinias
1106 1117 1204 1166 fissa,
1246 1116 1338 1165 laevi,
1377 1115 1414 1153 in
1445 1115 1612 1164 stipitem
1669 1132 1674 1135 ¹

186 1184 402 1222 evidentem
435 1185 651 1233 elongatum
684 1184 973 1222 canaliculatum
1005 1184 1119 1230 longe
1149 1185 1353 1220 attenuata.

169 1258 293 1293 lridaea
324 1260 599 1294 Laminarioides
633 1259 730 1304 Bory
756 1261 776 1294 l.
804 1271 835 1294 c.
863 1259 932 1293 tab.
962 1261 996 1292 Μ
1025 1257 1080 1303 fiq.
1110 1259 1142 1292 ll
1169 1258 1280 1292 Mont.
1314 1258 1392 1303 Voy.
1422 1258 1612 1303 D'Orbiqn.

72 1328 108 1362 p.
135 1318 195 1352 ⁶24!
218 1317 344 1353 Bonite
366 1329 401 1362 p.
429 1321 488 1352 63!
517 1319 588 1352 Pol.
614 1319 696 1352 Sud.
718 1329 754 1362 p.
784 1319 866 1352 405!
893 1318 995 1351 Ii'z'ltz.
1022 1327 1073 1361 sp.
1097 1328 1132 1361 p.
1161 1318 1237 1350 7⁴26.

173 1377 249 1410 lrid.
277 1378 509 1419 Cornucopiae
534 1377 628 1411 Post.
655 1379 688 1411 ec
714 1377 821 1421 Rupr.
847 1377 984 1410 Illustr.
1008 1386 1044 1420 p.
1072 1378 1112 1409 48
1139 1375 1208 1410 tab.
1237 1376 1279 1409 38
1304 1373 1360 1420 fiq.
1387 1375 1428 1409 b!

84 1448 172 1486 Var.
206 1463 243 1487 α.
276 1447 542 1496 (Συνηῑισορὶαῑ
575 1449 709 1486 fronde
741 1448 902 1487 obovata
932 1448 1200 1486 subcueullata.

171 1525 249 1559 lrid.
276 1525 553 1559 Laminarioides
576 1524 741 1567 juvenilis
766 1523 863 1567 Bory
889 1524 910 1558 l.
937 1534 967 1558 c.
991 1522 1048 1568 fiq.
1075 1523 1112 1558 A.
1136 1521 1177 1556 B.
1204 1522 1278 1556 CA!

85 1596 174 1635 Var.
204 1596 251 1649 β.
281 1596 606 1634 Laminarioides
638 1596 775 1635 fronde
807 1597 995 1646 elongata,
1029 1606 1128 1645 saepe
1159 1594 1345 1646 laciniata,
1363 1593 1508 1632 laciniis
1532 1594 1617 1631 lan-

191 1664 590 1703 ceolam-linearibus.

172 1741 250 1775 lrid.
276 1741 550 1775 Laminarioides
577 1740 696 1775 adulta
720 1737 817 1783 Bory
847 1740 867 1774 l.
895 1750 926 1774 c.
949 1737 1006 1784 fiq.
1034 1737 1087 1771 D!
1380 1740 1398 1763 ⁸

191 1814 279 1852 llab.
310 1813 347 1851 in
380 1823 526 1850 oceano
569 1811 727 1861 pacifico
770 1812 923 1850 australi
967 1811 1012 1849 ad
1053 1811 1153 1848 littus
1197 1810 1370 1848 Cliilense
1402 1806 1617 1858 (D'Urvillel.

81 1884 172 1922 Mus.
217 1880 446 1920 Parisiense!
492 1880 557 1919 [lb.
604 1879 781 1927 Binderl)
827 1883 865 1918 et
908 1880 946 1917 in
991 1879 1136 1917 boreali
1178 1878 1224 1916 ad
1264 1879 1435 1916 confines
1467 1876 1619 1926 Imperii

95 1949 245 1998 {ossici;
277 1948 313 1986 in
346 1959 493 1986 oceano
524 1947 678 1985 australi
709 1947 754 1985 ad
785 1949 927 1986 Insulas
956 1947 1160 1986 Auekland.

175 2025 331 2059 Frondes
357 2025 399 2058 ab
435 2025 652 2066 expansione
691 2024 836 2057 radicali
875 2025 1055 2067 gregariae,
1078 2023 1251 2066 juveniles
1278 2022 1622 2056 canaliculato-sub-

85 2083 294 2126 spathulatae
329 2083 429 2124 apice
463 2084 498 2115 in
526 2091 675 2116 acumen
700 2082 952 2116 brevissimum
978 2082 1169 2124 producto,
1196 2082 1387 2114 adultiores
1414 2083 1533 2123 stipite
1561 2090 1622 2113 ca-

84 2143 272 2175 naliculato
300 2142 550 2184 4-2pollicari
577 2143 775 2185 surgentes,
802 2143 949 2183 integrae
977 2142 1150 2185 ohovatae,
1175 2142 1272 2174 fissa>
1298 2141 1444 2173 lacinias
1471 2139 1624 2172 offerunt

84 2200 196 2240 magis
231 2200 613 2242 lanceolam-lineares,
652 2208 745 2232 nunc
783 2200 975 2243 breviores,
1014 2209 1107 2233 nuuc
1147 2199 1218 2232 sere
1257 2198 1300 2231 ad
1337 2198 1459 2231 basem
1484 2198 1622 2230 lamina·

85 2257 365 2300 progredientes,
391 2257 645 2290 erectiusculas
673 2260 732 2290 aut
757 2257 1001 2301 subpatentes,
1037 2259 1194 2298 margine
1221 2257 1446 2296 integerrima
1491 2254 1623 2285 minute

86 2314 285 2357 undulatas,
312 2315 346 2346 in
373 2322 521 2346 acumen
546 2314 753 2356 plerumque
779 2315 1066 2355 distinguendum
1091 2314 1295 2356 productas.
1341 2313 1442 2345 Color
1470 2319 1488 2344 a
1515 2310 1625 2342 viola-

88 2373 452 2415 ceo-purpurascente
478 2373 512 2404 in
537 2372 681 2404 lividum
707 2372 866 2405 tendens
918 2372 1122 2405 Substantia
1149 2372 1189 2405 lr.
1216 2373 1399 2415 Capensis.

183 2430 309 2472 Stipite
337 2431 543 2463 evidentiori
570 2432 604 2463 et
629 2431 741 2471 magis
768 2431 929 2471 elongato
957 2433 1062 2473 atque
1090 2431 1334 2472 canaliculato,
1361 2428 1494 2461 frondis
1516 2426 1625 2460 forma

89 2490 194 2531 atque
231 2489 411 2521 tendentia
443 2490 477 2520 in
504 2489 650 2520 lacinias
684 2488 880 2531 dilacerari,
909 2488 984 2521 haec
1011 2489 1150 2530 species
1176 2489 1358 2530 praecipue
1385 2486 1626 2527 dignoscatur.

88 2543 238 2586 Kiitzing
276 2546 310 2579 in
348 2545 558 2589 Pliycologia
591 2545 681 2579 hauc
708 2547 864 2588 speciem
891 2554 971 2579 cum
998 2545 1039 2578 lr.
1064 2544 1213 2579 Cordata
1239 2545 1383 2577 Turneri
1411 2547 1449 2577 ut
1474 2546 1626 2577 varieta-
1677 2567 1680 2570 .

90 2604 161 2635 tem
187 2603 383 2646 conjunxit,
409 2605 444 2636 in
470 2603 667 2645 Speciebus
703 2605 867 2644 Algarum
907 2605 1089 2646 utramque
1127 2603 1300 2636 distinxit.
1360 2601 1439 2644 lpse
1471 2603 1626 2644 plantam

91 2659 234 2693 Turneri
273 2670 390 2694 veram
428 2670 497 2694 uon
536 2662 622 2704 vidi,
648 2661 847 2703 Specimiua
876 2661 916 2693 lr.
945 2661 1224 2705 LaminarioidiS,
1251 2662 1284 2694 in
1311 2659 1452 2695 leonem
1481 2660 1626 2694 Turneri

93 2719 310 2762 quadrantia,
347 2720 441 2752 nulla
479 2719 562 2752 mihi
601 2719 831 2763 obvenerunt,
871 2729 978 2762 quare
1005 2723 1189 2762 utramque
1228 2721 1384 2762 speciem
1412 2720 1627 2761 distinguere

93 2776 210 2809 malui.
271 2776 444 2810 Caeterum
483 2779 641 2820 speciem
679 2778 780 2810 aliter
818 2787 922 2820 quam
963 2779 1040 2820 ipse
1077 2778 1165 2820 Bory
1203 2777 1321 2812 forsan
1359 2779 1516 2811 limitavi.
1565 2776 1627 2809 llic

95 2834 211 2868 colore
234 2837 460 2877 potissimum
485 2837 666 2881 insistens,
692 2836 888 2878 fragmenta
913 2838 1051 2870 vetusta
1076 2835 1120 2869 lr.
1146 2837 1310 2870 micantis
1337 2835 1381 2869 ad
1407 2834 1628 2870 lr.La1niua-
