1907 3004
69 103 319 146 Ceramimn.
734 103 942 143 Geminas.
1512 109 1531 146 1
1544 109 1569 147 3
1582 109 1596 146 1

159 232 278 264 Planta
305 230 495 270 caespitosa
525 228 668 275 472-—2
697 230 886 274 pollicariS,
912 241 976 274 pro
1003 233 1243 273 magnitudine
1270 234 1368 266 firma
1395 236 1431 266 et
1455 236 1604 268 satcar-

67 291 242 332 tilaginea,
268 287 374 319 ramis
400 287 578 327 primariis
606 289 749 329 crassis,
785 289 1006 322 secundariis
1033 291 1209 323 tenuibus.
1261 290 1447 329 Segmenta
1475 297 1604 334 paten-

66 350 123 390 tia,
151 354 313 388 suprema
339 347 394 376 sat
419 348 548 387 erecta,
576 354 667 377 nunc
700 348 828 378 eximie
854 347 1036 390 forcipata,
1063 357 1156 381 nunc
1183 350 1368 390 inaequalia
1395 351 1473 392 plus
1488 353 1602 384 minus

65 408 219 439 incurva.
246 404 481 443 Microscopio
508 403 679 445 subjecta,
707 405 958 445 asperitatibus
978 406 1258 447 prominentibus
1274 407 1508 439 minutissime
1524 417 1602 440 mu—

64 462 221 495 riculata.
281 460 424 493 Articuli
464 461 634 493 diametro
663 463 718 494 vix
745 463 1056 506 sesquilongiores,
1084 463 1214 506 ubique
1242 465 1415 497 corticati.
1466 465 1601 499 Ramuli

64 521 255 560 favelligeri
288 519 555 559 subcomposite
592 519 783 563 umbellati,
811 521 963 553 ramellis
991 521 1291 554 involucrantibus
1319 521 1462 555 tavellas
1490 532 1601 564 supe—

63 578 239 621 rantibus,
280 579 355 610 aliis
394 578 634 621 simplicibus,
675 579 752 610 aliis
791 579 962 618 elongatis
1002 580 1126 611 iterum
1166 580 1288 612 divisis
1326 584 1361 614 et
1397 581 1600 614 fructiferis.

62 636 327 678 Sphaerosporae
364 637 398 668 in
436 637 628 675 segmentis
667 636 871 677 penultimis
910 637 1024 669 medio
1064 639 1270 671 incrassatis
1296 638 1514 682 subsparsae‚
1541 642 1600 671 aut

63 696 96 727 in
121 695 294 727 verticillo
323 694 421 736 2-3,
450 692 603 727 minutae.
653 694 754 726 Color
781 694 910 736 pallide
937 696 1078 728 rubens.

153 753 299 794 Species
334 753 377 784 ad
413 753 486 785 Cer.
523 752 665 785 rubrum
697 754 858 794 proxime
890 753 1077 795 accedens,
1105 754 1169 785 sed
1196 757 1232 786 ut
1258 755 1394 788 videtur
1420 755 1598 788 distincta.

61 811 206 843 Articuli
234 810 418 843 inferiores
445 810 615 841 diametro
642 810 808 853 aequales,
835 819 900 842 nec
925 810 1075 851 2—3p10
1102 811 1294 854 breviores,
1323 815 1392 844 uta
1414 813 1598 854 Klitzingio

62 869 200 901 dicitur.
251 868 349 900 Setas
388 869 607 909 tenerrimas,
649 875 735 908 quas
763 867 842 899 liuic
868 869 1003 908 speciei
1031 868 1212 912 adscribit,
1239 878 1309 901 non
1336 869 1418 902 vidi.
1469 873 1597 910 Apices

62 935 144 958 vero
172 926 358 968 aliquando
386 925 536 957 molliter
560 925 675 966 pilosi.

59 1095 81 1131 3
128 1095 259 1135 Frons
292 1095 525 1145 spinulam,
557 1095 738 1146 spinulis
777 1100 949 1136 externo
990 1096 1124 1137 latere
1163 1101 1470 1148 seqmenlorum
1506 1101 1598 1138 ter—

462 1163 682 1203 minalium
704 1165 920 1213 proecipue
950 1165 1203 1214 conspicuis.

56 1254 86 1280 a.
117 1241 430 1292 Splioerosporis
461 1244 634 1281 externo
667 1245 975 1291 seqmentorwn
1006 1242 1138 1282 latere
1168 1242 1323 1282 lineam
1366 1243 1596 1295 lonqitudz‘-

324 1308 464 1349 nalem
491 1308 789 1360 formantibus,
821 1309 876 1349 ad
901 1309 1093 1359 yene'cula
1124 1310 1315 1360 sinyulz's.

61 1410 118 1446 16.
150 1413 232 1447 Can.
265 1419 485 1448 ecuioxoruii
517 1411 572 1457 (J.
603 1412 669 1459 Aq.
703 1410 867 1448 Advers.
894 1423 935 1459 p.
973 1410 1042 1456 ⁶27)
1085 1413 1221 1449 fronde
1262 1413 1482 1452 subsetacea
1528 1426 1594 1452 re-

165 1476 348 1523 gulariter
386 1477 903 1526 dichotomo-decornposita
951 1479 1147 1527 fastigiata,
1192 1481 1399 1527 segmentis
1438 1486 1593 1519 erecto—

166 1544 394 1594 patentibus,
425 1544 688 1583 terminalibus
721 1545 920 1597 forcipatis
946 1546 1124 1595 ineurvis,
1155 1546 1322 1585 articulis
1347 1548 1594 1586 inferioribus

163 1610 353 1648 diametro
396 1611 568 1660 3—4pio
611 1611 861 1660 longioribus,
892 1613 1103 1648 interstitiis
1134 1613 1334 1661 pellucidis
1365 1613 1490 1661 nudis,
1521 1625 1594 1661 ge-

163 1679 378 1716 niculorum
424 1679 583 1727 spinulis
628 1680 767 1728 sparsis
814 1679 1059 1716 inarticulatis
1104 1680 1273 1729 liyalinis,
1319 1681 1593 1729 sphaerosporis

162 1748 320 1782 externo
361 1747 549 1794 forcipum
588 1747 705 1783 latere
744 1746 789 1782 ad
831 1747 1003 1793 genicula
1043 1747 1215 1796 singulis,
1254 1748 1396 1784 savellis
1435 1747 1471 1784 in
1502 1759 1592 1794 seg-

160 1815 292 1849 mento
325 1812 541 1850 lateralibus
570 1812 818 1862 subgeminis,
849 1813 1048 1850 involucro
1081 1813 1295 1861 polypliyllo
1326 1814 1470 1852 cinctis.

144 1887 220 1920 Cer.
247 1888 478 1921 Echionotum
502 1886 534 1920 J.
561 1886 620 1931 Aq.
647 1888 668 1921 l.
696 1899 726 1922 c.
751 1887 861 1921 Harv.
889 1887 992 1931 Phyc.
1018 1888 1088 1921 tab.
1117 1889 1198 1921 491!

143 1946 379 1979 Echinoceras
405 1947 662 1988 oxyacanthum
688 1945 790 1980 Katz.
820 1946 920 1989 Phyc.
946 1956 1057 1990 yerm.
1080 1957 1114 1990 p.
1143 1949 1222 1980 292.

143 2002 366 2036 Chaetoceras
393 2004 620 2037 echionotum
644 2003 748 2037 Ii'zitz.
774 2003 852 2038 Boe.
880 2004 968 2038 Zeit.
997 2005 1084 2039 4847
1104 2016 1142 2049 p.
1170 2007 1230 2039 351

140 2062 404 2095 Acanthoceras
431 2062 655 2095 echionotum
681 2061 784 2098 Katz.
809 2062 865 2106 Sp.
893 2063 964 2106 Δίῃ.
986 2073 1020 2107 p.
1047 2063 1132 2097 684!

161 2132 248 2170 Hab.
279 2132 317 2168 in
349 2143 496 2170 oceano
529 2134 707 2171 atlantico
739 2145 757 2170 a
791 2134 998 2174 Britannia!
1039 2146 1158 2183 usque
1189 2135 1234 2172 ad
1267 2135 1408 2174 Gades!
1441 2140 1479 2173 et
1525 2137 1588 2174 in-

50 2198 149 2235 sulas
180 2199 353 2247 Azorasl3
386 2199 423 2235 in
457 2200 762 2238 mediterraneo!

142 2273 297 2306 Frondes
324 2274 433 2306 dense
460 2276 672 2318 caespitosae,
698 2278 851 2309 setaceae
879 2278 938 2309 aut
973 2279 1165 2321 tenuiores,
1192 2288 1333 2311 sursum
1368 2287 1491 2320 parum
1534 2282 1589 2311 at-

51 2332 214 2373 tenuatae,
248 2329 539 2373 3—4pollicares,
572 2333 699 2364 eximie
733 2333 1158 2377 dichotomo-fastigiatae,
1192 2336 1364 2377 apiceque
1394 2335 1588 2378 sorcipatae‚

51 2386 367 2428 prolificationibus
400 2389 534 2428 sparsis
566 2398 659 2421 nunc
693 2389 832 2422 obsitae.
888 2391 1033 2423 Articuli
1062 2393 1094 2423 in
1117 2391 1248 2432 juniori
1273 2394 1394 2433 planta
1419 2392 1587 2425 subcolo-

50 2445 126 2486 rati,
155 2445 188 2476 in
214 2444 332 2477 adulta
369 2444 508 2488 hyalini,
546 2447 745 2478 interstitiis
778 2447 893 2488 nudis,
920 2448 1090 2486 geniculis
1117 2449 1310 2491 corticatis,
1338 2457 1425 2482 zona
1452 2450 1588 2482 diame-

51 2502 143 2532 trum
168 2501 385 2540 longitudine
411 2501 655 2543 subaequante.
705 2502 857 2543 Spinulae
886 2504 980 2535 circa
1007 2504 1168 2543 genicula
1195 2513 1342 2547 sparsa»,
1369 2507 1404 2538 in
1430 2506 1585 2539 inferiori

49 2558 169 2599 planta
207 2560 438 2592 circumcirca
480 2560 674 2603 dispositae,
712 2569 809 2601 saepe
848 2561 1083 2601 divergentes,
1122 2562 1156 2593 in
1194 2563 1377 2603 superiore
1411 2565 1587 2596 exteriore

51 2613 228 2648 furcarum
260 2616 369 2648 latere
408 2616 675 2660 frequentiores,
709 2626 805 2659 saepe
832 2626 953 2650 omnes
981 2620 1152 2651 extrorsae
1179 2621 1214 2651 et
1242 2620 1285 2652 ad
1311 2622 1474 2661 genicula
1499 2622 1586 2654 sub-

51 2672 209 2715 singulae,
235 2672 382 2715 hyalinae
410 2677 446 2706 et
471 2676 702 2708 inarticulatae
727 2675 901 2708 subulatae
927 2677 1156 2709 acutissimae.
1207 2677 1349 2717 Singula
1377 2676 1449 2710 fere
1466 2678 1586 2720 sphae-

51 2737 197 2771 rospora
221 2732 255 2764 in
283 2732 444 2771 geniculo
471 2741 612 2775 quoque
638 2735 771 2766 tantum
807 2734 988 2776 evolvitur,
1014 2742 1093 2776 quae
1119 2736 1304 2767 externum
1329 2735 1420 2768 latus
1446 2744 1586 2778 semper

51 2789 212 2831 occupat,
247 2789 292 2821 ita
325 2791 364 2822 ut
387 2789 649 2832 sphaerosporae
676 2791 918 2832 geniculorum
944 2793 1099 2825 omnium
1125 2792 1291 2826 fertilium
1316 2793 1444 2825 seriem
1470 2792 1586 2833 longi-

51 2842 239 2876 tudinalem
274 2845 317 2877 ad
350 2850 534 2881 externum
568 2849 659 2882 latus
686 2850 947 2889 segmentorum
976 2851 1250 2890 penultimorum
1275 2850 1444 2885 efficiunt.
1494 2851 1584 2891 seg-

1413 2909 1452 2940 9⁵·
