1907 3004
81 106 244 153 Pcilota.
747 111 954 153 Caunum.
1555 119 1580 158 9
1589 119 1614 158 9

195 244 229 277 te
274 239 483 288 pectinatis⁷
527 241 671 278 laciniis
712 244 830 281 acutis
874 245 1111 296 subserratis,
1155 247 1430 297 spliaerosporis
1461 247 1497 286 in
1530 250 1617 296 glo—

193 308 362 345 merulos
395 307 596 359 oblongos,
628 321 737 348 secus
769 313 981 361 marginem
1015 313 1239 352 interiorem
1271 315 1523 363 pinnellai·um
1549 328 1616 353 se-

193 374 320 423 riatos,
349 374 555 426 dispositis,
587 378 737 415 favellis.
770 410 776 416 .
810 411 818 419 .

174 449 224 483 Pt.
253 451 361 484 densa
387 450 444 494 Ay.
473 452 493 485 l.
521 463 550 485 c.
576 451 666 496 Sysc.
689 464 724 497 p.
755 457 832 488 l195!

193 522 282 559 llab.
314 523 351 560 in
384 526 535 560 Oceano
568 525 724 572 paeilico
757 525 814 573 [2²]
847 527 931 573 (iili.
963 530 1144 577 ,ig-ardui)

176 598 284 631 Frons
324 600 448 632 saltem
488 602 721 644 ij-pollicaris,
760 603 997 647 cartilaginea,
1035 605 1163 637 lineam
1202 608 1343 641 circiter
1375 609 1455 652 lata,
1484 617 1615 652 crassa,

81 666 295 700 compressa,
335 667 467 700 anceps
506 660 569 692 sed
608 661 664 692 vix
683 661 781 692 'alata
807 661 968 704 dicenda,
996 664 1069 694 tota
1095 662 1167 695 fere
1195 664 1330 697 cellulis
1359 668 1494 707 magnis
1521 668 1615 699 circa

81 724 183 748 axem
220 716 408 748 centralem
449 717 630 758 dispositis
668 719 870 749 constituta.
933 718 1049 751 Pinnoe
1077 728 1197 751 revera
1226 724 1399 762 oppositae
1441 725 1614 767 videntur,

81 774 144 805 sed
170 774 377 816 inmquales,
404 783 471 806 una
498 774 645 806 indivisa
672 774 879 817 foliiformis,
918 775 1276 821 lanceolato-saicata,
1305 783 1504 813 extrorsum
1532 790 1615 822 pro-

82 832 187 864 funde
225 834 359 864 serrala
397 831 468 863 fere
506 831 791 873 pinnatipartita3
819 833 920 872 apice
946 833 1153 875 laciniisque
1179 844 1196 866 a
1226 835 1299 868 basi
1332 837 1454 870 latiore
1481 840 1617 870 acumi-

82 892 184 932 natis,
218 888 447 923 adultioribus
479 888 704 921 subseri-atis.
760 889 877 921 Altera
910 890 1016 931 pinna
1043 894 1098 924 est
1123 895 1331 936 composita,
1356 895 1510 936 pinnulis
1537 894 1617 928 folia

81 948 229 980 indivisa
266 946 525 989 aemulantibus,
557 949 592 979 at
623 947 886 988 angustioribus
914 950 946 980 et
973 951 1083 990 magis
1113 951 1278 994 incurvis,
1307 952 1443 985 laciniis
1469 953 1617 995 profun-

81 1005 237 1038 dioribus
269 1006 476 1047 plerumque
509 1005 734 1048 subseri-atis,
769 1016 837 1039 nou
870 1008 904 1040 in
943 1008 1034 1040 idem
1071 1009 1214 1049 planum
1252 1011 1420 1053 extensis,
1463 1010 1527 1042 sed
1566 1011 1618 1042 al-

81 1063 189 1095 ternis
231 1063 505 1103 divergeiitibus.
566 1063 685 1097 Pinnae
716 1064 770 1097 11ae
809 1068 1015 1108 composino
1042 1077 1134 1100 nunc
1162 1069 1346 1112 elongatae,
1375 1071 1507 1111 saepius
1534 1069 1618 1101 bre-

79 1123 234 1155 vissimae
273 1125 308 1155 et
343 1123 400 1154 xix
439 1123 565 1155 lineam
604 1127 825 1168 superantes,
859 1126 1008 1166 repetita
1035 1126 1207 1159 divisione
1235 1129 1334 1169 quasi
1363 1128 1556 1166 multifidae,
1584 1129 1617 1160 in

79 1180 197 1221 planta
235 1181 395 1214 adultiori
433 1181 592 1223 plurimae
629 1183 780 1222 seriatae,
817 1184 907 1215 ⁶2-3
934 1185 1081 1225 singulis
1120 1185 1211 1218 foliis
1251 1187 1524 1228 respondentes:
1552 1186 1618 1219 hac

79 1239 265 1279 pinnarum
305 1240 578 1280 compositarum
616 1241 907 1281 multiplicatione
935 1241 1067 1275 frondis
1096 1245 1271 1283 margines
1300 1244 1511 1276 densissime
1538 1245 1618 1276 iim-

79 1295 202 1328 briatae
229 1296 393 1329 evadunt.
442 1296 708 1339 Spliaerosporae
743 1298 1050 1332 transformatione
1075 1302 1319 1344 pinnellarum,
1347 1311 1424 1344 quse
1451 1303 1617 1334 interiore

80 1354 187 1386 latere
214 1355 437 1396 pinnularum
464 1357 723 1389 incurvatarum
750 1357 890 1390 seriata?v
916 1359 1008 1402 suut,
1036 1358 1249 1402 formantur,
1282 1362 1365 1393 sunt
1396 1360 1557 1402 plurimae
1584 1362 1617 1393 in

82 1411 292 1451 glomerulos
320 1413 490 1454 oblongos
517 1417 709 1455 congestae.

174 1492 226 1525 Ob
253 1503 409 1527 crassam
436 1496 470 1527 et
495 1496 757 1536 cartilagiueam
795 1495 953 1529 frondem
992 1496 1068 1530 liaec
1106 1499 1247 1539 species
1282 1497 1403 1531 habitu
1430 1507 1447 1531 a
1476 1500 1616 1532 caeteris

80 1552 135 1583 sat
172 1551 309 1584 diversa
347 1552 493 1595 videtur,
532 1553 595 1585 sed
633 1553 676 1586 ad
715 1555 864 1587 eundem
902 1557 1020 1597 typum
1061 1557 1242 1589 evidenter
1285 1557 1443 1590 formata.
1494 1557 1619 1596 Quoad

81 1610 292 1642 structuram
321 1612 432 1651 magis
459 1619 537 1643 cum
563 1611 614 1643 Pt.
641 1612 800 1653 plumosa
828 1622 933 1654 quam
960 1622 1039 1646 cum
1065 1614 1115 1646 Pt.
1141 1615 1365 1656 Asplenioide
1393 1617 1570 1648 convenit.

174 1690 286 1723 Locus
321 1691 458 1734 natalis,
493 1692 551 1733 qui
577 1691 658 1724 huic
685 1693 816 1734 speciei
844 1694 878 1726 in
905 1693 966 1735 Sp.
992 1693 1067 1734 Aig.
1092 1694 1243 1735 Agardhi
1271 1695 1494 1740 adscribitur,
1521 1698 1616 1729 certe

82 1748 207 1793 falsus,
232 1758 327 1782 mare
353 1750 541 1791 pacificum
566 1750 725 1784 habitare
752 1753 926 1793 suspicor.

128 1979 178 2013 7a.
205 1979 260 2013 ΡΤ.
287 1985 492 2012 PECTINATA
520 1978 648 2021 (llari).
676 1988 730 2022 ap.
760 1977 881 2014 Beecli.
917 1978 995 2024 Voy.
1018 1990 1052 2023 p.
1076 1980 1395 2023 s164)’·'jugamento
1412 1990 1616 2024 compresso

210 2038 360 2072 filiformi
388 2038 672 2082 sub-bipinnato,
705 2041 822 2080 pinnis
848 2040 1075 2082 pinnulisque
1102 2040 1256 2084 alternis,
1284 2041 1427 2073 ramulis
1451 2041 1617 2073 extremis

211 2095 460 2136 (nascentibus
486 2096 810 2140 pectiniformibus)
840 2097 1000 2131 distichis
1027 2097 1439 2132 divaricato—multifidis.

211 2153 296 2187 Ilab.
323 2155 366 2187 ad
393 2163 471 2187 oras
499 2152 708 2188 Califo'rniae.

209 2210 352 2244 Raniulo
393 2213 525 2245 minuto
564 2213 811 2256 pectiniformi‚
852 2214 1016 2247 deorsum
1056 2215 1339 2258 inciso-serrato,
1378 2216 1435 2257 qui
1462 2215 1617 2257 pinnulae

83 2269 267 2311 oppositus
295 2271 360 2311 est,
397 2269 472 2302 liaec
510 2273 649 2311 species
688 2272 918 2312 dignoscitur.
969 2272 1003 2305 In
1031 2273 1214 2305 frondibus
1241 2272 1422 2315 senilibus,
1451 2273 1619 2313 multipli-

83 2328 220 2358 catione
259 2326 360 2368 hujus
399 2328 673 2371 ramilicationis,
703 2330 826 2362 ramuli
853 2330 999 2363 confuse
1025 2331 1198 2363 multifidi.
1247 2330 1415 2373 Pinnulae,
1442 2338 1504 2362 seu
1532 2330 1616 2361 rami

82 2386 293 2428 secundarii,
335 2385 509 2418 similibus
547 2387 689 2418 ramulis
728 2387 870 2419 alternis
897 2387 1039 2421 obsitae:
1071 2390 1106 2420 et
1131 2389 1242 2429 spatia
1270 2388 1361 2419 inter
1385 2387 1447 2419 has
1474 2387 1617 2419 ramulis

83 2441 272 2475 fructiferis
300 2442 490 2485 multifidis,
525 2443 791 2484 spliaarospcras
818 2444 926 2477 dense
953 2445 1165 2485 glomeratas
1193 2445 1409 2487 gerentibus,
1436 2452 1618 2486 occupan-

83 2500 169 2534 tur.''
219 2500 341 2533 Descr.
367 2503 457 2533 Auet
483 2502 721 2543 transsrripsi.

215 2559 336 2598 Quoad
376 2559 651 2600 descriptionem
678 2559 752 2592 licec
780 2559 961 2593 exidenter
1002 2559 1051 2593 l‘t.
1089 2560 1207 2593 densae
1234 2561 1404 2602 proxima,
1431 2561 1466 2591 et
1491 2559 1616 2603 nullus,

83 2626 151 2658 quo
180 2616 423 2658 distinguatur,
461 2616 564 2649 hodic
598 2617 699 2649 adest
733 2617 926 2650 character.
990 2618 1039 2650 Ex
1077 2617 1271 2658 fragmento
1300 2616 1438 2660 plautae,
1468 2626 1545 2659 qua}
1573 2618 1617 2650 ad

83 2673 320 2716 Harveyanam
346 2676 502 2716 speciem
529 2676 706 2716 pertinere
733 2677 906 2718 suspicor,
933 2677 966 2708 et
994 2685 1036 2708 ex
1062 2676 1185 2709 eodem
1213 2676 1290 2707 loco
1316 2675 1421 2708 natali
1445 2677 1616 2718 provenit,

84 2734 220 2766 laciniis
248 2742 350 2775 quam
377 2735 410 2766 in
437 2733 487 2767 Pt.
518 2733 627 2766 densa
653 2733 894 2767 obtusioribus
920 2735 1090 2766 instructa
1119 2734 1266 2767 videtur.
1316 2733 1435 2767 Utrum
1465 2733 1617 2766 veruliic

85 2790 277 2834 character,
318 2790 519 2826 distinctam
563 2793 731 2836 speciem,
774 2801 816 2825 an
855 2794 988 2826 tantum
1026 2795 1231 2827 varietatem
1272 2794 1415 2838 indicet,
1443 2795 1475 2827 in
1502 2793 1617 2826 medio

84 2849 281 2891 relinquere
308 2857 426 2891 cogor.

1449 2908 1486 2939 7*
