1907 3004
286 96 376 139 176
911 82 1202 125 CnrrronfflAE.
1522 70 1825 130 Schizymenia.

395 220 542 270 lineari,
587 220 734 267 integra
779 219 843 255 aut
879 225 992 265 parce
1031 214 1129 262 fissa,
1167 209 1338 258 margine
1369 207 1547 245 undulata
1579 204 1826 254 subcrispata,

395 287 640 338 cystocarpiis
670 285 830 323 minutis
860 295 930 333 per
961 284 1079 320 totam
1109 277 1350 328 superficiem
1384 276 1536 325 sparsis.

378 365 594 409 Platymenia
619 362 787 395 undulata
814 372 847 392 α.
874 358 1017 392 linearis
1043 353 1076 388 J.
1105 354 1163 398 Aq.
1189 353 1264 388 Act.
1290 352 1403 386 Holm.
1432 351 1519 384 4847
1542 361 1577 394 p.
1606 350 1665 384 881

396 438 485 476 llal).
518 437 562 474 ad
597 436 682 482 Cap.
715 431 749 469 b.
781 429 868 479 Spei
901 429 939 465 in
970 428 1054 465 sinn
1087 425 1246 463 tabulari
1278 425 1480 473 (Pappel).

379 511 536 544 Frondes
563 517 582 541 a
607 509 729 550 stipite
767 508 837 538 ima
874 505 951 537 basi
992 502 1157 544 filisormi,
1191 501 1271 534 dein
1297 501 1401 542 plano
1428 501 1531 540 longe
1558 500 1720 541 cuneato,
1748 506 1829 530 sur-

288 572 422 611 gentes,
462 576 575 610 usque
612 565 807 607 bipedales,
834 564 997 605 lineares,
1027 561 1113 593 4—02
1141 559 1289 601 pollices
1318 558 1408 601 latae,
1435 559 1599 599 utrinqne
1626 558 1830 590 attenuatae.

285 630 463 669 Margines
500 625 658 659 undulati
699 626 734 656 et
771 622 844 654 sere
882 621 1003 664 crispi,
1030 617 1218 661 aliquando
1257 615 1496 649 subcrenulati
1523 616 1558 647 et
1588 613 1832 657 processubus

289 684 541 726 marginalibus
580 683 723 715 minutis
761 680 936 714 instructi.
997 677 1099 710 Color
1132 677 1167 708 in
1200 674 1472 716 amethystinum
1499 673 1658 705 tendens.
1707 672 1833 714 Cysto-

291 746 409 787 carpia
436 746 474 776 ut
499 744 630 785 puncta
669 741 814 782 minuta,
854 738 955 770 oculo
994 735 1088 768 nudo
1129 734 1333 775 conspicua,
1371 740 1436 773 per
1463 732 1572 764 totam
1598 729 1833 771 superficiem,

291 804 359 835 ima
398 802 475 834 basi
513 802 648 832 tantum
685 799 847 839 excepta,
881 795 1093 828 densissime
1121 792 1294 832 disposita
1322 792 1416 823 sunt.
1467 788 1742 830 Sphaerosporas
1769 786 1835 818 ob-

291 862 427 901 longas,
468 859 560 890 inter
599 856 744 889 cellulas
772 855 874 888 strati
903 851 1139 894 superficialis
1166 850 1275 882 dense
1301 856 1457 890 sparsas,
1485 847 1667 879 cruciatim
1695 845 1836 886 divisas,

293 918 437 951 elastice
464 917 563 948 extra
591 915 770 947 sectiones
795 915 931 954 tenues,
958 909 1193 950 mic-roscopio
1218 906 1410 948 subjectas,
1449 905 1721 946 prorumpentes
1755 902 1837 935 vidi.

387 973 607 1007 Praecedenti
646 973 742 1004 certe
781 970 943 1012 proxima
981 970 1016 1000 et
1053 976 1072 1000 a
1110 975 1165 998 me
1205 967 1282 1007 ipso
1317 966 1419 996 antea
1446 972 1527 996 cum
1553 962 1609 994 illa
1637 960 1838 1002 conjunct-a.

293 1032 418 1066 Forma
456 1031 591 1063 frondis
630 1039 713 1062 vero
752 1030 788 1061 in
826 1026 1049 1060 antecedenti
1078 1025 1121 1057 ab
1150 1025 1248 1056 initio
1276 1022 1437 1065 obovata,
1465 1021 1565 1062 apice
1592 1021 1712 1053 sensin
1739 1020 1841 1051 latior

294 1092 333 1124 fit
360 1093 394 1123 et
420 1089 462 1123 ab
491 1090 591 1131 apice
631 1088 796 1121 deorsum
836 1086 987 1127 denique
1014 1085 1048 1116 in
1074 1083 1221 1115 lacinias
1250 1081 1410 1121 finditur,
1437 1080 1469 1112 in
1497 1079 1666 1120 praesenti
1694 1078 1840 1109 lanceo-

296 1148 544 1188 lato-linearis,
586 1147 687 1187 apice
726 1144 909 1184 angustior
936 1144 971 1174 et
996 1141 1111 1173 medio
1153 1140 1264 1181 latior,
1291 1138 1431 1170 demum
1458 1136 1572 1169 media
1599 1136 1700 1178 parte
1726 1134 1841 1167 latiori

297 1215 438 1250 quoque
463 1206 558 1250 fissa,
585 1205 686 1246 apice
712 1203 874 1236 indiviso.
923 1200 1026 1233 Color
1053 1207 1193 1241 quoque
1219 1197 1393 1230 diversus.

303 1334 364 1373 ll.
396 1337 475 1373 Scn.
508 1340 620 1370 EROSA
653 1329 707 1376 (J.
741 1330 807 1378 Ass.
840 1330 920 1366 Act.
952 1325 1076 1364 Holm.
1113 1322 1214 1362 4847
1250 1334 1290 1372 p.
1329 1321 1400 1371 89)
1439 1320 1575 1359 fronde
1615 1319 1845 1359 roseo-lila-

411 1401 496 1438 cina
542 1403 657 1436 tenue
702 1397 995 1435 membranacea
1035 1406 1054 1431 a
1093 1392 1220 1440 stipite
1259 1390 1373 1440 plano
1405 1389 1594 1426 cuneatim
1626 1388 1777 1425 dilatata
1807 1386 1846 1423 in

411 1469 592 1507 laminam
624 1466 976 1514 cordato-oratam,
1002 1458 1520 1509 inciso-lobatam,margine
1539 1457 1689 1494 inferne
1707 1465 1847 1492 eroso-

413 1536 660 1584 crennlatam,
692 1532 948 1581 cystocarpiis.
982 1559 991 1567 .
1025 1561 1031 1568 .

395 1613 608 1656 Platymenia
638 1619 738 1643 erosa
763 1608 795 1642 J.
824 1609 882 1652 Ay.
909 1607 930 1641 l.
956 1617 986 1641 c.
1013 1604 1082 1639 tab.
1109 1602 1178 1638 [Vl

396 1671 522 1704 Iridaea
548 1670 692 1703 curvata
717 1667 820 1701 Ii'zitz.
847 1677 898 1710 sp.
921 1676 957 1710 p.
983 1664 1074 1698 729¹?

415 1741 504 1779 Hal).
537 1741 582 1778 ad
614 1744 699 1789 Cap.
734 1739 768 1777 b.
801 1737 887 1787 Spei
919 1737 956 1774 in
987 1736 1073 1774 sinu
1105 1733 1270 1771 Simonis
1302 1731 1494 1780 (Pappel)

397 1818 553 1850 Frondes
581 1826 599 1849 a
627 1817 726 1850 disco
765 1814 910 1848 radicali
949 1812 1069 1854 plures
1109 1811 1294 1850 exeuntes,
1331 1808 1488 1849 pedales,
1528 1805 1720 1846 6-pollices
1760 1802 1851 1844 latae,

306 1877 427 1919 stipite
464 1876 568 1917 plano
603 1875 707 1907 latius
735 1875 885 1906 cuneato
913 1874 948 1903 et
973 1870 1107 1902 sensim
1132 1868 1165 1899 in
1194 1865 1355 1898 frondem
1382 1864 1552 1905 abeunte3
1575 1862 1735 1904 juniores
1763 1860 1853 1892 obo-

305 1936 571 1966 vato-cuneatae
599 1933 754 1971 margine
781 1928 944 1970 inaequali
972 1927 1128 1967 sinuoso,
1156 1923 1347 1955 adultiores
1374 1920 1508 1953 inferne
1546 1920 1718 1960 cuneatae,
1757 1925 1853 1949 mar-

308 1991 388 2031 gine
427 1990 618 2031 crenulato,
657 1987 737 2019 dein
777 1983 1059 2026 sesquipollicari
1098 1989 1203 2022 supra
1244 1980 1366 2012 basem
1395 1979 1561 2011 distantia
1588 1976 1772 2010 latitudine
1806 1975 1855 2006 ita

311 2057 479 2090 expansae
506 2050 543 2080 ut
568 2046 722 2079 ambitus
765 2043 837 2075 sere
864 2042 1158 2075 cordato-ovatus
1193 2038 1330 2071 evadat.
1380 2037 1549 2070 incisuris
1575 2033 1736 2076 pluribus
1762 2032 1852 2064 late-

311 2107 442 2139 ralibus
481 2103 796 2144 terminalibnsque
835 2100 931 2133 frons
967 2100 1000 2132 in
1027 2098 1129 2131 lobos
1156 2097 1287 2139 plures,
1315 2096 1425 2128 forma
1451 2094 1674 2134 irregulares,
1702 2097 1855 2131 superne
1904 2110 1907 2111 ν

312 2165 477 2197 dilatatos
517 2163 639 2196 divisa.
701 2160 904 2193 Substantia
944 2156 1078 2190 inferne
1116 2153 1532 2195 carnoso—cartilaginea,
1561 2156 1713 2191 superne
1741 2147 1856 2180 tenuis

311 2222 592 2255 membranacea.
643 2219 745 2251 Color
771 2215 1072 2249 roseo-lilacinus.

406 2279 608 2320 Specimina
640 2279 659 2309 2
695 2277 830 2309 tantum
870 2274 953 2316 vidi,
991 2274 1141 2306 invicem
1181 2269 1413 2311 congruentia
1454 2268 1489 2299 et
1514 2274 1533 2298 a
1559 2266 1698 2298 ca¹teris
1737 2262 1857 2295 habitu

314 2340 369 2371 sat
393 2337 543 2380 diversa,
574 2336 735 2369 lridaeam
760 2333 966 2373 Augustinae
994 2329 1254 2372 quodammodo
1282 2326 1499 2360 revocantia.
1556 2322 1739 2355 Structura
1778 2327 1857 2352 cum

314 2395 456 2429 ‹saeteris
486 2393 675 2436 speciebus
703 2392 885 2433 convenit,
912 2390 967 2422 tila
995 2389 1174 2422 interioris
1202 2387 1302 2420 strati
1330 2385 1475 2417 laxiora.

322 2510 380 2549 42.
413 2514 491 2548 Scn.
523 2517 685 2547 commu
717 2504 778 2558 [J.
810 2508 876 2554 Ay.
910 2506 995 2543 Act.
1027 2503 1148 2542 Holm.
1191 2494 1347 2550 O'fvers.
1392 2497 1493 2536 4849
1530 2507 1568 2544 p.
1610 2494 1682 2540 85)
1722 2490 1859 2531 fronde

428 2587 765 2625 roseo—purpurea
803 2573 1095 2611 membranacea
1133 2583 1153 2608 a
1193 2569 1320 2617 stipite
1351 2565 1454 2603 brevi
1486 2563 1678 2601 cuneatim
1710 2561 1861 2597 dilatata

432 2643 471 2681 in
503 2643 679 2681 laminam
721 2640 1058 2679 cordato-ovatum
1097 2631 1542 2685 subpalmato-lobatam,
1573 2629 1744 2676 margine
1775 2637 1861 2663 am-

433 2711 495 2759 plo
544 2710 786 2760 undulatam,
832 2705 1075 2755 eystocarpiis
1127 2703 1282 2741 minutis
1337 2710 1406 2748 per
1457 2701 1574 2735 totam
1620 2693 1862 2744 superficiem

436 2777 586 2825 sparsis.

416 2851 630 2895 I‘latymenia
658 2850 802 2885 cordata
828 2848 859 2883 J.
888 2849 943 2893 [lq.
971 2849 992 2883 l.
1019 2856 1050 2882 c.
