1907 3004
288 145 309 184 1
322 145 380 185 48
947 141 1156 186 Grumum.
1533 149 1825 195 Centrocerm.

283 275 449 323 sessileS,
480 285 579 323 saepe
620 274 783 324 geininae
812 275 907 314 intra
939 277 1191 329 involucrum,
1224 279 1391 318 ramellis
1423 282 1686 320 conformibus
1720 283 1824 322 4-5

284 343 549 391 constitutum,
582 344 740 380 nucleus
772 344 1009 382 rotundatus.

395 412 522 448 Genus
560 411 733 449 Ceramio
773 412 821 449 ita
862 413 1091 462 proximum,
1132 418 1171 451 ut
1211 426 1257 452 an
1300 416 1387 462 jure
1419 417 1637 455 distinctum
1670 419 1716 455 sit
1748 418 1824 456 du-

281 477 456 515 bitarem.
488 479 597 516 Nullo
630 479 790 517 omnino
822 480 1038 518 charactere
1070 482 1206 534 differt,
1237 484 1307 520 nisi
1328 485 1473 523 cellulis
1492 485 1734 523 corticalibus
1758 498 1824 523 rc-

283 545 465 591 gulariter
507 546 665 583 seriatis.
739 550 819 591 Quo
865 548 983 585 fretus
1027 549 1243 587 charactere
1281 552 1448 599 speciem
1482 553 1640 601 typicam
1674 555 1824 601 generis

283 612 327 649 ad
360 613 568 661 Spyridiain
602 614 661 658 (in
699 615 776 662 Alg.
819 615 1086 663 niediterran.)
1120 617 1244 667 retuli,
1277 619 1551 668 spliaerospoi·is
1590 624 1679 658 tunc
1722 624 1823 658 teni-

281 680 386 728 poris
424 680 515 717 inibi
554 681 703 729 ignotis.
775 683 835 719 llis
867 694 958 720 vero
990 695 1008 719 a
1042 687 1270 732 Montagneo
1302 686 1475 736 detectis,
1507 691 1543 724 et
1574 700 1593 725 a
1624 689 1821 735 Ktilzingio

281 747 370 785 dein
417 749 569 796 pulchra
615 749 755 796 analysi
801 750 959 787 ulterius
1005 751 1209 795 illustratis,
1251 753 1361 790 aliam
1403 754 1450 790 de
1482 754 1658 791 affinitate
1691 757 1821 792 barum

281 813 495 862 plantarum
532 815 657 854 ideam
695 817 871 866 amplecti
918 828 1076 855 neccsse
1124 823 1190 856 est.
1250 823 1377 858 Genus
1412 821 1538 869 itaque
1570 825 1823 859 Centrocera-

281 882 340 931 tis,
371 894 389 919 a
423 883 619 931 Kiitzingio
651 883 796 921 interea
831 885 1048 934 formatum,
1094 896 1179 923 cum
1213 890 1441 935 illontagneo
1475 889 1588 925 bodie
1619 900 1822 927 assumen-

281 949 371 986 dum
420 951 559 1001 putavi,
604 951 749 998 adjecta
792 952 933 1002 specie,
964 963 1076 1000 quam
1110 953 1209 990 inter
1240 956 1410 992 Ceramia
1442 968 1459 992 a
1493 957 1688 1004 liiilzingio
1723 967 1822 994 enu-

281 1020 466 1055 meratam
511 1019 697 1071 suspicor,
741 1023 929 1057 structura
974 1021 1284 1073 convci‘iientem,
1322 1027 1358 1060 at
1395 1022 1546 1060 defectu
1587 1023 1823 1072 spinularum

281 1085 540 1123 abludentem.

392 1155 546 1203 Species
578 1166 816 1207 numerosas,
848 1168 940 1204 quas
971 1157 1210 1195 enumeravit
1241 1158 1410 1208 lx'i'itzing,
1441 1158 1553 1195 unius
1573 1147 1822 1208 ejiisdemque

281 1221 423 1270 speciei
469 1223 622 1273 sormaS,
661 1235 708 1260 ne
739 1224 928 1262 varietatis
959 1225 1115 1273 quidem
1147 1226 1305 1264 nomine
1337 1226 1638 1278 distinguendas,
1669 1239 1822 1266 censeo.

280 1290 352 1329 Clr.
383 1289 418 1328 J.
450 1290 514 1339 Ay.
545 1291 709 1330 Advers.
737 1303 777 1340 p.
808 1291 860 1329 22
892 1297 930 1330 et
960 1303 1044 1343 squ.

286 1388 318 1455 ⁴¹.
349 1419 385 1454 C.
417 1425 673 1454 ClNNABARlNUM
707 1417 838 1462 (Gral.
871 1415 1018 1468 mser.)
1050 1417 1190 1454 fronde
1229 1417 1395 1466 capillari
1429 1417 1564 1455 inermi
1600 1419 1824 1466 regulariter

392 1473 840 1534 dicliotomo-sastigiata,
870 1485 1291 1534 prolificationibusque
1322 1486 1459 1534 sparsis
1487 1485 1821 1535 obs-itinsegmen-

392 1552 437 1589 tis
482 1552 748 1589 terminalibus
793 1552 987 1601 sorcipatis
1032 1551 1319 1600 erectiusculis,
1364 1553 1531 1591 articulis
1576 1554 1822 1592 inferioribus

392 1621 581 1658 diametro
614 1620 788 1669 2—3plo
819 1620 1074 1671 longioribus,
1105 1620 1298 1658 fructibus.
1331 1651 1339 1658 .
1372 1651 1380 1658 .

373 1697 509 1740 Boryna
536 1697 766 1730 cinnabarina
792 1694 926 1730 Gralel.
954 1697 1081 1731 macru!

373 1757 509 1798 Boryna
535 1756 677 1796 elegans
702 1758 735 1797 β.
762 1755 991 1788 cinnabarina
1017 1754 1188 1791 Bounem.
1215 1755 1323 1800 Hydr.
1350 1757 1414 1790 loc.
1437 1767 1472 1801 p.
1499 1758 1558 1790 56!

373 1813 600 1847 ?Ceramiu111
626 1814 825 1847 ordinatum
850 1813 953 1848 Kritz.
979 1814 1082 1857 Pliyc.
1106 1824 1185 1859 qen.
1207 1825 1243 1858 p.
1271 1816 1349 1848 384.
1374 1815 1430 1859 Sp.
1456 1817 1527 1859 Alq.
1549 1826 1585 1859 p.
1613 1817 1696 1850 686!

391 1886 478 1924 Ilab.
512 1886 550 1923 in
581 1886 676 1923 mari
708 1885 892 1923 adriatico
924 1889 962 1923 et
990 1886 1287 1924 mediterraneo.

375 1964 518 2005 Caespes
551 1962 779 2005 bipollicaris,
813 1971 1089 2004 purpura-scens.
1145 1961 1215 1994 Fila
1243 1963 1399 2003 capillari
1428 1964 1601 2006 crassitie,
1629 1973 1647 1997 a
1672 1964 1748 1997 basi
1777 1964 1821 1996 ad

281 2022 420 2065 apicem
447 2030 569 2063 parum
598 2022 788 2063 attenuata,
815 2021 1022 2061 regulariter
1048 2020 1249 2054 dichotoma
1276 2023 1310 2053 ct
1335 2021 1653 2063 prolisscationibus
1687 2023 1821 2063 sparsis

282 2080 422 2114 demum
457 2079 700 2113 conformibus
733 2079 953 2112 subramosa.
1003 2080 1130 2122 Apiccs
1158 2089 1281 2121 parum
1308 2081 1454 2122 incurvi,
1483 2080 1578 2112 velut
1606 2082 1675 2113 tota
1702 2082 1821 2122 planta

282 2140 416 2173 aculeis
454 2139 617 2172 omnibus
656 2139 827 2172 destituti.
889 2138 1035 2170 Articuli
1062 2146 1238 2170 ramorum
1267 2138 1439 2170 minorum
1467 2139 1637 2171 diametro
1666 2139 1820 2180 aequales

281 2198 341 2229 aut
376 2197 691 2242 sesquilongiores,
729 2197 899 2230 maiorum
940 2197 1019 2238 3plo
1059 2197 1248 2236 longiores.
1310 2196 1452 2229 Cellulae
1491 2197 1678 2229 corticales
1718 2206 1820 2238 {eque

279 2257 360 2289 latae
387 2265 427 2289 ac
453 2257 580 2300 longae,
606 2256 767 2289 seriebus
793 2254 1105 2296 longitudinalibus
1133 2255 1328 2298 dispositae,
1355 2254 1637 2287 transversalitcr
1665 2255 1819 2298 alternfe,

279 2315 314 2347 h.
341 2324 370 2348 e.
399 2316 432 2347 in
459 2314 619 2347 seriebus
655 2315 782 2346 vicinis
821 2323 889 2346 non
916 2322 934 2346 e
960 2314 1109 2354 regione
1129 2314 1269 2354 positae.
1325 2312 1493 2345 Genicula
1524 2321 1647 2354 parum
1675 2312 1820 2345 clevata.

280 2372 428 2406 Fructus
454 2381 523 2405 non
549 2372 631 2405 vidi.
681 2372 819 2404 Chartae
846 2371 1014 2404 adliaeret.

373 2431 470 2464 Hanc
508 2431 664 2472 speciem
703 2438 782 2463 esse
821 2429 1035 2471 Grateloupii
1073 2437 1192 2461 veram
1232 2429 1426 2470 specimine
1463 2429 1664 2461 authentico
1691 2429 1821 2460 certior

280 2489 396 2523 sactus
422 2499 511 2522 sum.
562 2489 646 2521 Cum
673 2489 750 2521 Cer.
779 2488 939 2521 ordinato
973 2487 1072 2520 Killa.
1107 2487 1220 2529 quoad
1249 2488 1525 2528 descriptionem
1551 2486 1725 2527 convenit,
1752 2487 1819 2518 nisi

282 2548 375 2590 quod
402 2548 569 2581 articulos
605 2548 775 2581 diametro
812 2547 968 2590 aequales
996 2547 1176 2579 describit.
1227 2545 1332 2578 Suam
1359 2547 1515 2586 speciem
1544 2544 1634 2576 inter
1661 2542 1818 2576 Ceramia

282 2607 458 2649 disposuit
481 2606 648 2649 Kutzing3
675 2606 983 2649 Grateloupianam
1009 2604 1084 2639 Ccr.
1113 2606 1285 2638 clavulato
1310 2605 1507 2646 proximam
1532 2602 1629 2643 puto.

282 2721 317 2760 2.
350 2725 387 2762 C.
418 2730 643 2760 CLAVULATUM
674 2718 767 2772 (Ay.
800 2724 937 2768 mser.)
985 2720 1121 2758 fronde
1167 2718 1335 2768 capillari
1366 2716 1559 2766 spinulosa
1593 2716 1819 2763 regulariter

393 2789 842 2840 (lflebotomo-fastigiata,
873 2789 1028 2826 demum
1060 2799 1105 2825 ex
1136 2787 1255 2823 axillis
1282 2784 1477 2833 prolilera,
1509 2784 1717 2830 segmentis
1735 2786 1817 2820 ter-

393 2857 596 2894 minalibus
641 2855 1080 2904 incurvato—sorcipatis,
1125 2852 1292 2889 articulis
1337 2850 1584 2888 inferioribus
1628 2849 1815 2886 diametro

397 2922 567 2974 4-6plo
610 2923 861 2974 longioribus,
900 2922 1164 2970 geniculorum
1208 2918 1366 2968 spinulis
1407 2917 1651 2969 verticillatiS,
1690 2917 1816 2966 splioe-

1270 2982 1283 2995 ,
