1907 3004
219 55 250 96 ll

218 189 370 238 dicitur,
400 184 643 225 conveniunt.
704 182 755 219 Ab
786 182 854 218 liac
883 184 1067 229 praeterea
1101 181 1260 232 incuria,
1293 183 1330 219 ni
1363 184 1486 230 fallor,
1516 181 1629 218 etiam
1654 192 1760 218 novae

218 257 390 305 quaedam
430 251 577 301 species
615 252 707 287 ortae
750 251 855 296 suut;
896 251 936 284 ut
973 258 1092 296 quum
1129 248 1332 286 Gracilaria
1370 249 1547 298 spicifera
1586 250 1682 287 Suhr
1722 253 1760 286 et

218 323 287 360 sub
318 320 474 357 nomine
513 316 663 366 Speciei
703 315 870 364 primum
906 314 995 351 dato
1029 317 1066 350 et
1095 314 1201 361 dein,
1231 326 1375 362 genere
1406 318 1566 365 mutato,
1597 316 1667 353 sub
1697 317 1760 353 di-

218 398 328 427 verso
374 385 533 423 nomine
577 382 758 431 specifico
801 380 857 419 bis
903 381 1080 418 occurrit.
1164 381 1366 418 Gracilaria
1412 382 1588 430 spicifera
1635 383 1758 433 enim,

218 466 300 502 quse
332 454 424 500 erat,
456 450 669 499 adpellatur
698 450 802 496 (pag.
834 445 934 494 760)
967 450 1117 495 [lypnea
1148 448 1337 496 spicifera.
1395 450 1529 487 Nescio
1561 461 1608 486 an
1640 460 1757 486 men-

217 522 309 558 dum
353 519 549 566 scripturae
580 516 627 554 sit
655 515 746 552 illud
785 514 955 564 Harveyi,
993 525 1111 562 quum
1143 514 1294 561 scripsit
1323 511 1382 552 Ἦ.
1414 511 1636 564 spicigera;”
1669 526 1756 552 eum

219 598 309 624 vero
348 586 420 622 boc
452 583 611 621 nomine
643 582 857 629 intelligere
889 581 1050 618 eandem
1082 582 1208 628 Algam
1240 584 1278 618 et
1308 593 1352 618 ex
1385 582 1479 619 Ner.
1511 583 1646 620 Auscr.
1679 582 1756 620 tab.

220 654 346 692 XLIX
373 656 411 690 et
440 664 484 688 ex
524 648 798 699 speciminibus
843 648 890 685 ab
934 648 1018 696 ipso
1063 647 1273 685 distributis
1317 649 1405 686 satis
1450 652 1613 698 constat3
1658 653 1757 687 atta-

218 733 307 759 men
352 720 398 756 ab
441 722 606 764 Harveyo
644 717 805 754 missum
845 716 1052 764 exemplar,
1094 715 1198 763 quod
1237 716 1310 752 hoc
1341 716 1499 753 nomine
1531 717 1755 766 inscriptum

219 788 299 837 fuit,
331 786 527 832 Kiitzingio
560 785 599 821 fit
629 785 732 833 (pag.
764 779 864 831 775)
894 783 1190 831 Sphaerococcus
1221 782 1373 830 Harveyi
1395 785 1495 820 Kiitz.
1527 786 1648 828 Quum
1666 795 1757 821 vero

217 856 317 892 hunc
347 854 432 901 Spli.
465 851 633 899 llarveyi,
664 861 781 898 quem
812 850 893 898 ipse
924 850 964 886 in
995 849 1059 886 Ill).
1092 848 1243 886 Binderi
1275 848 1601 901 denominaverat,
1627 855 1757 899 postea

217 921 287 959 sub
332 920 490 958 nomine
534 919 623 955 dato
669 917 935 966 deprehendit,
982 920 1174 965 Hypneam
1212 917 1312 968 facit,
1343 928 1425 965 quae
1457 918 1565 955 tertia
1597 917 1677 955 vice
1709 919 1757 956 ita

217 989 322 1036 (pag.
355 985 455 1030 760)
488 985 647 1023 nomine
680 987 717 1021 ll.
752 984 906 1030 Harveyi
940 987 1198 1021 enumeratur.

328 1053 583 1099 Quamobrem
626 1063 674 1088 ne
712 1054 872 1100 propter
909 1051 989 1088 illas
1031 1050 1187 1098 quidem
1221 1050 1482 1098 Kiilzingianas
1513 1053 1659 1100 species
1690 1064 1759 1090 su—

217 1132 491 1172 pervacaneam
522 1121 622 1157 duco
653 1130 789 1156 novam
823 1118 1084 1155 Floridearum
1117 1118 1410 1166 expositionem.
1440 1121 1626 1157 Volumen
1653 1131 1757 1170 vero,

218 1189 321 1238 quod
360 1187 474 1225 bodie
513 1187 654 1236 publici
686 1186 788 1234 juris
821 1186 931 1234 facio,
964 1186 1111 1222 tertiam
1142 1188 1289 1234 partem
1320 1189 1463 1223 tantum
1498 1187 1756 1225 Floridearum

219 1254 527 1304 comprel1endit3
567 1253 613 1290 ad
652 1254 817 1300 reliquas
856 1254 981 1301 partes
1019 1263 1107 1288 mox
1151 1252 1297 1290 redibo.
1357 1255 1556 1291 Generalia
1586 1253 1758 1302 quaedam

217 1325 265 1362 de
297 1322 482 1362 Florideis
527 1331 737 1368 earumque
782 1321 974 1357 fructuum
1019 1322 1219 1370 structura,
1258 1332 1341 1368 quae
1372 1331 1450 1358 non
1481 1320 1552 1357 nisi
1585 1320 1758 1357 absoluto

218 1401 338 1440 opere
381 1389 479 1426 bene
521 1387 677 1426 forsitan
719 1387 1020 1436 conscribantur,
1057 1390 1242 1434 sequente
1288 1387 1481 1425 volumine
1521 1387 1758 1435 praemittam.

218 1463 304 1503 Quae
348 1459 473 1494 autem
520 1455 567 1492 sit
611 1455 729 1503 ipsius
773 1454 990 1501 Systematis
1035 1454 1144 1505 ratio,
1187 1455 1259 1491 hoc
1305 1455 1435 1504 paucis
1481 1455 1605 1492 verbis
1645 1454 1758 1492 hodie

218 1524 445 1562 adumbrare
477 1522 604 1559 debui.

331 1589 533 1628 Historiam
569 1589 773 1636 Algologiae
810 1588 875 1636 qui
913 1588 1030 1632 novit,
1070 1589 1098 1626 is
1140 1601 1217 1627 non
1252 1590 1400 1638 ignorat
1430 1589 1620 1639 principio
1652 1589 1758 1637 quasi

219 1658 508 1696 fundamentum
555 1656 593 1692 in
639 1656 823 1693 Florideis
869 1655 1132 1694 describendis
1174 1657 1336 1705 positam
1368 1669 1452 1694 esse
1485 1657 1643 1695 FrondiS
1678 1657 1759 1694 for-

218 1737 319 1764 mam
360 1728 397 1761 et
434 1728 625 1771 tamquam
670 1723 817 1760 faciem.
878 1725 973 1760 Tum
1004 1734 1087 1771 quae
1120 1727 1220 1761 esset
1252 1724 1287 1760 in
1321 1725 1444 1761 fructu
1476 1725 1592 1771 figura
1625 1724 1760 1761 consi-

220 1794 345 1830 derari
385 1794 565 1839 coeptum
603 1794 671 1827 est.
741 1790 927 1839 Deinceps
964 1791 1167 1839 dispositio
1211 1792 1402 1828 fructuum
1434 1795 1472 1828 et
1505 1791 1648 1828 frondis
1680 1791 1758 1839 ipsa

218 1863 406 1897 structura
452 1856 616 1894 examini
662 1856 843 1903 subjecta.
918 1857 1018 1906 Mihi,
1063 1860 1175 1904 atque
1221 1858 1317 1894 haud
1363 1858 1443 1895 scio
1481 1870 1527 1895 an
1567 1857 1760 1895 nonnullis

219 1930 416 1976 praeterea,
449 1924 497 1960 ita
528 1924 647 1960 visum
680 1927 772 1973 erat,
804 1935 847 1959 ex
878 1934 1029 1971 quaque
1062 1924 1207 1960 frondis
1240 1927 1426 1962 structura
1458 1928 1599 1962 certam
1631 1934 1759 1972 quan-

219 1995 306 2031 dam
344 1993 536 2029 fructuum
577 1991 738 2027 formam
780 1994 893 2038 atque
934 1991 1226 2040 dispositionem
1275 1991 1464 2041 pendere3
1507 1991 1760 2039 quamobrem

220 2060 419 2106 utriusque
450 2061 486 2094 et
516 2058 554 2095 in
587 2058 723 2095 fronde
755 2070 838 2106 quae
869 2062 970 2096 esset
998 2062 1186 2095 structura
1218 2062 1254 2096 et
1286 2059 1323 2095 in
1357 2059 1477 2095 fructu
1509 2070 1591 2107 quae
1623 2059 1758 2106 forma,

219 2127 304 2175 quis
344 2127 462 2171 locus,
503 2124 541 2162 in
581 2125 842 2172 descriptione
874 2125 996 2162 habita
1028 2128 1084 2161 est
1115 2125 1224 2162 ratio.
1283 2125 1402 2162 Hodie
1433 2135 1524 2162 vero
1554 2124 1759 2162 monstrari

220 2196 344 2242 potest
383 2191 588 2229 admodum
631 2192 801 2240 dispares
839 2203 922 2228 esse
953 2203 1066 2240 posse
1099 2192 1241 2229 fructus
1274 2192 1535 2229 Floridearum
1568 2193 1603 2229 in
1634 2191 1759 2229 simil-

221 2261 312 2297 limo
358 2263 396 2296 et
439 2258 566 2295 habitu
612 2261 649 2294 et
694 2258 841 2295 frondis
886 2262 1084 2296 structura.
1157 2262 1319 2296 Possunt
1361 2260 1474 2296 etiam
1515 2259 1552 2296 in
1591 2261 1759 2308 externa,

221 2326 391 2374 quamvis
435 2336 583 2375 magna,
627 2325 876 2362 similitudine
923 2327 1127 2375 fructuum,
1172 2326 1297 2363 nuclei
1341 2327 1397 2364 vel
1431 2326 1509 2375 ipsa
1541 2325 1759 2375 gemmidia,

221 2394 366 2430 semina
408 2395 447 2428 ut
489 2392 537 2428 ita
576 2392 722 2442 dicam,
767 2393 933 2429 immane
980 2397 1163 2440 quantum
1207 2393 1437 2441 discrepare.
1511 2395 1640 2440 ltaque
1686 2393 1761 2429 ho-

221 2459 283 2494 die
316 2459 397 2495 trita
431 2459 490 2495 illa
522 2460 680 2495 antehac
725 2458 879 2506 vestigia
926 2460 1148 2508 relinquens
1187 2460 1241 2497 sic
1271 2464 1407 2511 statuo,
1437 2460 1599 2497 similem
1646 2460 1759 2496 fron-

221 2527 279 2563 dis
316 2529 545 2562 structuram
585 2527 804 2574 fructusque
844 2526 1006 2563 similem
1047 2529 1207 2564 formam
1249 2531 1312 2564 aut
1342 2527 1634 2575 dispositionem
1666 2537 1760 2563 ana-

223 2592 360 2639 logiam
400 2592 551 2642 babere,
590 2604 666 2631 non
701 2594 934 2631 affinitatem.
997 2597 1097 2631 llanc
1128 2606 1218 2633 vero
1251 2596 1391 2631 nullam
1424 2604 1508 2629 esse
1541 2593 1612 2629 nisi
1643 2594 1690 2630 sit
1720 2594 1758 2631 in

223 2658 368 2694 nucleis
409 2659 613 2709 fructuum,
656 2671 753 2708 quos
791 2662 1008 2709 capsulares
1038 2661 1227 2711 dixerunt,
1259 2659 1518 2708 congruentia.
1579 2661 1638 2697 Sic
1667 2661 1759 2698 mihi

224 2725 399 2762 xidentur
445 2726 593 2763 familiae
638 2728 941 2777 Ceramiearum,
988 2728 1337 2777 Gloiocladearum,
1384 2729 1758 2777 Gastrocarpearum,

222 2794 630 2843 s}umgiocarpearum,
668 2798 1016 2843 Coccocarpearum
1061 2795 1110 2831 ita
1141 2796 1284 2831 tantum
1316 2796 1418 2830 recte
1450 2805 1534 2832 esse
1564 2793 1611 2831 ab
1642 2794 1757 2841 Algo-
