1907 3004
101 58 408 119 Cryptonemict.
717 59 1004 104 Cin'rroussimaz.
1536 59 1629 102 227

98 194 283 236 producto,
311 191 462 233 simplici
489 191 548 223 aut
573 198 668 233 saepe
697 192 815 236 bifido,
852 201 947 226 raino
981 193 1105 225 minori
1132 191 1174 225 ad
1200 191 1318 225 lobum
1343 191 1531 226 basilarem
1558 203 1632 228 eae-

100 254 183 284 teris
210 251 376 292 majorem
404 249 581 282 tendente.

191 308 309 341 Planta
348 307 470 340 senilis
506 307 625 340 solium
661 307 869 341 Delesseuae
896 311 1098 351 sanguinem
1127 319 1192 343 non
1221 310 1309 343 male
1336 310 1504 354 reserens,
1532 312 1632 344 caule

97 367 193 399 brevi
222 366 284 399 scd
310 367 474 398 crassiori
502 366 641 398 suffulta
658 370 724 409 est,
752 376 857 399 nervo
873 369 1057 409 principali
1074 378 1135 410 per
1151 369 1312 401 laminam
1331 369 1528 409 elongatam
1544 379 1632 403 con-

98 426 243 466 tinuato,
271 422 562 465 secundariis-que
595 424 733 457 diversa
760 425 942 457 altitudine
969 426 1011 458 ad
1039 426 1138 459 lobos
1165 427 1378 469 principales
1406 428 1631 461 tendentibus

96 483 279 524 instructa,
307 481 431 513 lamina
459 482 534 522 ipsa
561 482 639 523 plus
666 483 780 515 minus
806 483 889 515 loesa
918 483 1045 517 foliolis
1072 486 1172 517 noxis
1199 494 1216 517 a
1244 487 1342 517 costa
1365 485 1629 526 pullulantibus.

95 537 225 570 Foliola
263 547 352 570 nova
391 539 503 579 prima
536 539 719 580 juventute
758 542 906 581 integra.
934 542 1290 584 obovato-elougata3
1316 552 1398 576 mox
1425 545 1458 576 in
1486 543 1632 577 sormam

97 604 202 636 supra
230 595 442 638 descriptam
468 597 596 638 plaut-ce
621 597 786 639 juvenilis
813 600 1041 632 transeuntia.
1081 599 1283 632 Substantia
1309 600 1632 634 chartaceo-mem·-

97 652 290 696 braimcea3
331 654 462 688 chartae
501 657 557 688 vix
589 656 784 689 adbaerens.
835 656 1029 690 Madesacta
1055 657 1220 690 facillime
1250 659 1444 701 reviviscit,
1467 660 1631 701 juvenilis

98 712 303 745 tenuissime
339 713 606 747 membranacea
641 717 676 747 et
708 716 743 747 in
775 723 865 757 aqua
891 716 1076 758 fluctuans,
1104 715 1222 748 colore
1248 715 1483 758 pulcherrime
1510 718 1632 750 cocei-

99 777 301 803 neo-roseo.

100 893 132 932 4.
165 898 222 933 CR.
255 897 412 933 LACTUCA
446 896 533 944 (Ay.
579 907 636 944 sp.
677 907 716 944 p.
763 896 863 946 ⁶231)
910 897 1216 951 subcaulescens,
1262 901 1368 938 caule
1414 900 1632 938 abbreviato

207 974 372 1012 superne
417 964 513 1001 alato
558 965 595 1002 in
642 965 818 1003 laminam
872 967 1123 1005 renisormem
1178 967 1630 1007 evanescenti-multieo-

207 1033 339 1068 statam
379 1031 727 1080 palmati-lobatam
765 1033 1142 1084 undulato-crispam
1173 1036 1350 1087 abeunte,
1383 1036 1524 1074 foliolis
1555 1048 1633 1073 uo-

207 1098 312 1136 vellis
344 1111 361 1136 a
394 1103 496 1138 costa
528 1101 799 1149 pullulantibus
832 1101 910 1139 basi
942 1104 1127 1155 cuneatis,
1158 1116 1325 1154 superne
1357 1103 1631 1142 conformibus.

190 1174 272 1217 Spli.
297 1175 450 1209 Lactuca
475 1175 534 1220 Ay.
562 1177 582 1210 l.
608 1188 637 1211 c.
664 1179 791 1220 partim
817 1179 951 1221 (quoad
975 1180 1298 1223 descriptioneml).

190 1233 271 1275 Spli.
297 1233 448 1266 Lactuca
473 1236 507 1275 β.
534 1238 722 1269 concretus
751 1235 810 1280 Aq.
836 1236 857 1269 l.
884 1247 914 1270 c.

208 1303 295 1341 [lab.
327 1304 364 1341 in
394 1305 490 1342 mari
519 1307 699 1344 atlantico
731 1306 776 1343 ad
809 1307 930 1346 Gades
962 1307 1203 1356 (Cabreral).

188 1379 297 1413 Frons
335 1381 619 1426 2—3polliearis,
657 1383 777 1425 stipite
816 1393 965 1425 surgens
1002 1384 1113 1429 brevi,
1139 1393 1263 1427 parum
1288 1395 1427 1422 ramoso
1455 1391 1515 1422 aut
1539 1389 1632 1422 indi-

96 1440 183 1482 viso,
222 1440 322 1481 apice
358 1449 514 1482 expanso
554 1441 588 1473 in
627 1441 791 1474 laminam
830 1443 1162 1485 circumscriptione
1189 1445 1413 1479 renil'ormem
1452 1448 1632 1489 palmatim

96 1498 381 1540 multicostatam,
420 1496 531 1531 costis
565 1508 672 1541 supra
706 1501 860 1533 inedium
889 1502 1195 1547 evanescentibus,
1223 1512 1344 1537 versus
1371 1505 1471 1538 lobos
1496 1508 1632 1548 princi-

95 1556 193 1598 pales
230 1555 469 1589 tendentibus.
532 1557 690 1591 Ambitus
719 1560 812 1591 totus
839 1560 873 1591 in
900 1560 1000 1593 lobos
1026 1561 1115 1592 5-7
1141 1563 1367 1605 principales,
1394 1562 1528 1597 frondis
1555 1573 1631 1597 me-

97 1614 192 1647 dium
228 1623 341 1657 usque
379 1616 604 1659 attingentes,
643 1618 800 1657 margine
841 1619 969 1650 eximie
1007 1619 1195 1653 undulatos
1239 1622 1274 1652 et
1310 1622 1344 1653 in
1383 1622 1483 1655 lobes
1511 1623 1631 1664 plures

97 1671 326 1705 secundarios
366 1672 497 1705 divisos
535 1673 688 1707 finditur.
750 1675 834 1707 Lobi
863 1685 984 1709 omnes
1011 1677 1199 1720 rotundati,
1226 1679 1440 1720 principales
1467 1680 1633 1720 pollicem

97 1729 168 1761 sere
194 1729 266 1762 lati.
317 1729 522 1763 Substantia
550 1741 653 1773 quam
679 1733 713 1765 in
741 1737 911 1775 sequente
938 1736 1049 1773 magis
1077 1735 1345 1769 membranacea
1372 1736 1454 1770 mibi
1482 1738 1630 1771 videtur.

95 1787 333 1822 Fructificatio
372 1788 526 1823 noudum
570 1790 768 1823 obseiwata.
830 1790 960 1824 Foliola
994 1801 1083 1824 nova
1109 1794 1143 1825 in
1170 1793 1234 1826 hac
1260 1803 1400 1836 quoque
1426 1796 1632 1836 pullulantia

96 1848 176 1891 xidi,
203 1848 334 1881 ambitu
361 1849 457 1882 initio
485 1852 645 1892 cuneata,
673 1859 755 1882 mox
780 1849 994 1894 renisormia,
1021 1853 1123 1894 apice
1150 1852 1471 1886 undulat0·lobata.

190 1896 285 1940 Hanc
323 1915 402 1940 cum
440 1910 611 1950 sequente
650 1907 833 1949 conjunxit
868 1909 1028 1950 Agardl13
1067 1909 1352 1950 distinguendam
1389 1920 1470 1944 vero
1497 1912 1630 1945 credidi

97 1973 203 2007 quum
236 1965 327 1997 inter
359 1965 507 2006 plurima
541 1966 735 2008 specimina
760 1966 891 2008 plantae
918 1967 1186 2001 mediterraneae
1214 1977 1403 2010 numquam
1429 1972 1633 2011 presentem

96 2023 256 2055 viderim.
321 2022 356 2055 Si
395 2023 512 2064 planta
554 2023 678 2057 eadem
717 2027 822 2067 esset,
857 2027 1061 2068 neutiquam
1089 2029 1126 2060 ut
1151 2026 1262 2060 forma
1289 2028 1427 2060 laminis
1455 2029 1633 2060 concretis

97 2084 183 2124 orta,
210 2083 248 2114 ut
273 2081 365 2122 apud
390 2082 604 2122 Agardbium
630 2083 652 2115 l.
679 2091 709 2115 c.
737 2083 875 2126 dicitur,
903 2083 1083 2128 habeatur,
1110 2085 1174 2117 sed
1200 2087 1324 2119 contra
1344 2086 1520 2130 juvenilis,
1543 2085 1633 2118 loliis

95 2140 250 2172 noudum
276 2141 311 2172 iu
350 2140 466 2173 foliola
505 2141 643 2173 diversa
676 2142 862 2184 separatis.
912 2141 984 2174 Hoc
1011 2142 1151 2175 demum
1177 2152 1317 2185 quoque
1340 2144 1388 2187 fit,
1417 2145 1454 2176 ut
1479 2153 1522 2176 ex
1548 2152 1633 2184 spe-

96 2198 224 2229 cimine
249 2199 388 2231 vetusto
428 2199 510 2232 mibi
544 2200 664 2241 liquet,
691 2200 754 2231 sed
780 2201 887 2232 etiarn
914 2199 981 2232 hoc
1007 2202 1100 2233 statu
1128 2210 1146 2233 a
1175 2204 1346 2243 sequente
1373 2200 1632 2241 cognoscenda.

98 2255 212 2293 Quum
246 2257 402 2288 ceterum
435 2256 550 2289 foliola
588 2258 797 2299 pullulantia
833 2258 981 2290 sormam
1008 2259 1142 2292 frondis
1168 2259 1242 2292 sere
1268 2261 1386 2292 statim
1413 2260 1632 2300 recuperent,

98 2310 141 2342 de
167 2310 371 2344 diversitate
397 2314 566 2354 specifica
591 2316 650 2347 vix
677 2315 909 2348 dubitandum
936 2316 1018 2349 mihi
1047 2317 1195 2350 videtur.
1244 2317 1354 2358 Magis
1380 2325 1463 2349 sane
1490 2315 1532 2348 ad
1547 2316 1632 2357 Cry-

96 2369 311 2409 ptonemiam
337 2371 570 2403 seminet-vern
600 2372 749 2405 accedit.

99 2492 134 2532 5.
165 2498 223 2533 Cu.
253 2504 430 2534 LOMA'1'10N
463 2496 630 2543 (Bet-tol.
661 2497 802 2545 Opusc.
843 2498 926 2536 Bot.
965 2497 1008 2535 II
1037 2509 1076 2545 p.
1115 2497 1211 2546 289)
1253 2499 1485 2549 caulescens,
1525 2498 1631 2536 caule

209 2574 361 2601 ramoso
393 2576 558 2614 superne
589 2567 687 2603 alato
720 2569 758 2602 et
788 2566 826 2602 in
859 2566 1016 2604 laminas
1047 2570 1205 2603 costatus
1238 2566 1422 2615 oblongas
1453 2567 1631 2617 abeunte,

209 2630 349 2668 foliolis
386 2633 546 2670 novellis
577 2644 595 2670 a
629 2635 732 2670 costa
763 2632 1034 2682 pullulantibus
1065 2633 1469 2672 obovato-i·0tundaus
1501 2633 1633 2671 leviter

207 2696 372 2735 sinuosis
403 2699 578 2749 stipitatis
609 2699 896 2740 subonervibus.

190 2771 305 2806 Fue-us
339 2774 506 2808 lomation
540 2774 672 2810 Berlol.
700 2776 721 2809 l.
749 2786 779 2809 c.
806 2774 875 2808 lab.
904 2778 944 2809 »lo
968 2774 1024 2821 fiy.
1053 2777 1071 2810 3
1099 2779 1132 2812 et
1156 2776 1229 2812 Am.
1252 2787 1288 2821 p.
1314 2778 1380 2811 ⁶289
1404 2777 1473 2813 lab.
1501 2778 1521 2811 li·
1546 2775 1572 2821 f.
1600 2779 1630 2812 3.

192 2830 275 2873 Spli.
301 2832 440 2867 lactuca
465 2834 523 2878 Aq.
550 2843 600 2878 sp.
624 2844 660 2878 p.
688 2835 749 2868 231
782 2835 945 2876 (partiml

1445 2895 1500 2928 1:13*
