1907 3004
269 109 290 149 1
302 105 360 148 90
892 84 1180 126 CRYPTONEMEAE.
1600 66 1808 110 Prionitis.

380 242 453 281 que
484 223 686 266 attenuatis
717 220 891 269 margine
922 217 1068 255 minute
1100 206 1333 261 glandulosis
1364 203 1574 254 pliillisque
1598 199 1808 247 lingulato-

380 295 601 336 lanceolatis
644 289 812 328 distichis
852 282 1145 329 secundatisque
1189 275 1336 326 obsitis,
1375 268 1649 321 spliaerosporis
1690 264 1811 315 pliylla

383 364 562 413 lingulata
596 356 881 408 occupantibus.

366 440 591 482 Grateloupia
618 436 761 477 ligulata
789 430 894 466 (ἔνου.
922 435 1030 462 mser.

386 513 474 551 Ital).
507 510 553 548 ad
586 519 671 547 oras
702 502 916 544 Calisorniae
949 499 1035 546 (nb.
1069 491 1283 538 Grevillel).

368 592 477 624 Frons
506 588 594 620 ultra
630 583 778 627 pedalis,
805 578 1057 621 sesquilineam
1085 573 1164 614 lata,
1192 568 1342 602 indivisa
1369 566 1428 598 aut
1453 563 1662 605 parcissime
1689 560 1815 595 dicho-

278 656 384 693 toma,
423 648 485 681 sed
512 655 530 678 a
557 644 714 684 margine
753 640 861 672 dense
888 636 1043 679 pinnata.
1091 630 1211 663 Pinnas
1238 625 1478 666 irregulariter
1504 623 1648 655 alternae
1675 620 1734 652 aut
1758 617 1815 649 bie

280 712 350 744 illic
388 705 626 745 fasciculatae,
661 691 955 740 3-4pouioares,
992 691 1069 724 basi
1096 689 1302 731 pierumque
1340 682 1561 716 nudiusculae
1599 678 1816 719 glandulisvc

281 768 424 802 minutis
462 763 664 802 instructze,
704 763 857 797 superne
893 751 1049 794 pinnulis
1076 744 1316 781 conformibus
1344 742 1480 783 obsitae,
1508 739 1609 780 apice
1635 743 1730 775 saepe
1757 742 1818 764 ru-

282 831 342 870 pto
370 823 563 862 truncatae,
603 814 796 857 segmentis
835 808 1077 844 conformibus
1116 814 1134 838 a
1174 806 1298 836 trunco
1337 796 1601 843 pullulantibus.
1662 790 1819 825 Pinnulae

284 883 374 919 2-4
401 883 512 914 lineas
548 879 664 916 longae
697 871 814 905 foliola
845 868 989 911 propria
1014 864 1181 905 lingulata
1209 860 1376 901 referunt,
1406 856 1557 897 majores
1583 849 1824 892 semipollica-

286 952 342 976 res
380 939 498 973 foliola
535 935 608 968 sere
646 931 853 971 lanceolata,
894 928 1033 960 demum
1069 925 1101 956 in
1127 920 1291 964 pinnulas
1317 918 1469 950 lineares
1497 913 1615 945 forsan
1642 908 1825 942 abeuntes.

288 999 468 1035 Glandulae
494 992 705 1034 marginales
734 988 991 1027 minutissimae,
1019 982 1119 1025 quasi
1145 980 1273 1023 puncta
1302 977 1359 1009 vix
1386 973 1521 1006 elevata
1548 966 1826 1009 conspiciuntur.

288 1059 451 1091 Verrucae
489 1060 632 1094 crassae,
664 1047 826 1091 pluribus
859 1040 1117 1078 confluentibus
1153 1035 1404 1076 verruculosae,
1432 1033 1467 1063 et
1491 1031 1525 1061 in
1551 1026 1707 1066 margine
1734 1024 1769 1055 et
1795 1023 1829 1054 in

290 1117 418 1160 pagina
433 1108 580 1155 sparsae.
605 1106 808 1140 Substantia
824 1106 1138 1136 carnoso-cornea.
1165 1096 1268 1128 Color
1282 1092 1453 1126 intensius
1469 1094 1677 1130 purpureus.
1704 1080 1831 1123 Sphin-

292 1180 451 1215 rosporae
478 1171 514 1202 in
540 1167 667 1210 phyllis
696 1160 949 1203 marginalibus
975 1160 1064 1190 sitin.

387 1230 533 1273 Species
561 1227 615 1259 sui
640 1224 741 1266 Juris,
769 1229 848 1254 cum
875 1217 971 1251 nulla
997 1216 1062 1248 alia
1090 1213 1191 1246 facile
1219 1206 1478 1249 confundenda,
1505 1204 1548 1237 ad
1570 1200 1833 1242 antecedentcS,

294 1287 547 1326 ramificatione
575 1286 610 1317 et
636 1283 747 1316 forma
772 1278 970 1321 phyllorum
996 1277 1110 1308 tamen
1139 1271 1308 1312 diversas,
1334 1267 1494 1310 proxime
1523 1261 1710 1296 accedeus.

557 1448 596 1485 11.
628 1447 847 1484 PnisrAEiuuu
878 1434 1026 1490 fronde
1050 1433 1264 1485 piimalim-
1295 1423 1588 1475 decomposita.

303 1554 338 1594 6.
370 1558 428 1594 PR.
460 1556 688 1591 STERNBERGH
722 1546 807 1592 [Ay.
841 1542 904 1589 Sp.
936 1538 1019 1587 Aly.
1047 1548 1086 1586 p.
1119 1532 1215 1582 275)
1248 1530 1384 1570 fronde
1414 1526 1526 1577 plana
1556 1523 1742 1575 pinnatiin
1768 1520 1841 1558 de-

415 1617 640 1668 composita,
680 1612 807 1663 pinnis
845 1607 1053 1647 linearibus
1093 1604 1273 1650 utrinque
1304 1596 1506 1636 attenuatis
1537 1591 1710 1639 margine
1741 1588 1843 1624 den-

415 1681 737 1734 tato-pectinatis,
782 1677 961 1716 dentibus
1007 1672 1164 1721 obtusis,
1209 1666 1419 1715 maj0ribus
1463 1659 1694 1712 spatliulatis,
1738 1654 1844 1704 apice

418 1752 622 1794 rotundato
654 1747 797 1787 sensim
830 1741 1072 1791 emarginatis
1104 1737 1347 1784 furentisque.

402 1831 683 1874 Sphaerococeus
712 1821 929 1861 Stornbergii
955 1818 1013 1863 Aq.
1041 1817 1062 1850 l.
1088 1827 1119 1850 c.
1145 1816 1177 1849 el
1201 1813 1292 1857 Syst.
1314 1821 1350 1854 p.
1375 1808 1460 1842 ⁶224!
1486 1805 1589 1840 Isizcz.
1614 1812 1665 1846 sp.
1687 1810 1721 1844 p.
1749 1798 1827 1831 766.

421 1902 512 1940 Ilab.
544 1900 582 1936 in
616 1906 764 1935 oceano
796 1890 948 1930 australi
981 1887 1182 1935 (llaenkel)

403 1980 513 2012 Frons
539 1970 811 2015 2—>4pollicaris
844 1966 1018 2010 pinnatim
1050 1961 1305 2003 decomposita,
1335 1957 1452 2000 pinnis
1488 1950 1712 1987 inferioribus
1739 1945 1851 1988 majo-

313 2040 423 2073 ribus.
485 2036 604 2068 Pinnae
641 2013 880 2073 bipollicares,
907 2021 1312 2063 lineam-sesquilineam
1341 2017 1432 2058 latae,
1457 2014 1622 2053 utrinque
1649 2006 1852 2046 attenuatae,

314 2099 391 2132 basi
418 2092 651 2133 nudiusculae,
678 2089 758 2122 dein
784 2086 938 2128 pinnatae
965 2081 1119 2125 pinnulis
1147 2075 1402 2117 consimilibus,
1429 2080 1535 2114 supra
1563 2068 1715 2101 medium
1737 2062 1854 2106 pecti-

316 2160 427 2199 nalce,
460 2152 548 2186 infra
587 2150 724 2191 apicem
751 2143 1000 2178 nudiusculum
1027 2140 1192 2173 dentatae.
1242 2133 1398 2167 Pinnulae
1424 2137 1551 2170 nempe
1577 2126 1730 2159 maxime
1752 2121 1856 2162 juve-

318 2216 407 2248 niles
434 2212 517 2245 sunt
542 2206 771 2242 dentisorines
799 2202 935 2235 obtusae
963 2202 998 2232 et
1023 2196 1256 2236 brevissimae,
1281 2191 1472 2224 adultiores
1488 2184 1659 2225 inligulas
1676 2178 1856 2221 simplices

319 2270 539 2314 spatliulatas
567 2264 791 2305 excrescunt,
818 2261 948 2294 infimae
976 2258 1117 2297 divisae,
1144 2262 1265 2286 omnes
1293 2249 1419 2290 angulo
1447 2246 1519 2278 sere
1547 2244 1643 2275 recto
1670 2237 1858 2279 egredien-

320 2332 386 2362 tes.
434 2329 562 2369 Apices
589 2323 813 2367 pinnularum
839 2317 956 2351 obtusi
984 2318 1018 2348 et
1045 2311 1235 2353 rotund-ati,
1261 2308 1393 2341 sensim
1420 2300 1624 2343 emarginati
1648 2298 1858 2335 demumque

321 2386 499 2421 lii-trifidi.
558 2383 721 2416 Verrucae
759 2380 902 2411 minutae
943 2374 1095 2407 medium
1133 2372 1321 2412 pinnarum
1357 2363 1528 2405 majorum
1555 2356 1741 2398 occupant,
1768 2359 1860 2384 nunc

324 2447 358 2478 in
386 2446 513 2477 lineam
539 2437 828 2481 longitudinulem
855 2431 1134 2473 subregulariter
1161 2426 1356 2468 dispositoe.
1405 2420 1508 2452 Color
1535 2419 1568 2450 in
1595 2414 1726 2449 nostris
1743 2411 1862 2443 casta-

326 2512 426 2537 neus.
479 2498 681 2533 Substantia
709 2496 780 2528 sere
806 2493 918 2533 magis
945 2490 1118 2530 coriacea,
1146 2493 1250 2528 quam
1277 2479 1516 2519 cartilaginea.

420 2562 469 2593 De
496 2556 723 2599 congruentia
751 2553 853 2595 liujus
882 2549 1015 2592 speciei
1042 2555 1121 2580 cum
1148 2540 1373 2581 Grateloupia
1398 2533 1611 2570 versicolore
1638 2526 1865 2562 conserantur

330 2629 409 2663 quae
436 2617 524 2651 infra
552 2616 643 2648 hauc
669 2613 827 2656 speciem
855 2610 939 2643 dixi.

332 2734 368 2775 7.
398 2737 457 2773 Pu.
487 2740 614 2772 sunm
648 2727 701 2776 (J.
732 2729 799 2776 Ay.
842 2721 985 2775 mser.)
1029 2719 1165 2760 fronde
1205 2717 1313 2765 plana
1358 2707 1543 2760 pinu-atim
1591 2700 1868 2750 decomposita,

443 2800 571 2850 pinnis
603 2796 808 2836 linearibus
839 2793 1017 2839 utrinque
1048 2783 1264 2832 attenuatis,
1293 2777 1465 2826 margine
1497 2773 1656 2824 sparsim
1687 2768 1869 2807 denticu-

445 2866 542 2917 latis,
572 2876 739 2914 superne
770 2858 988 2912 pinuulatis,
1018 2852 1185 2906 pinnulis
1217 2841 1680 2887 lanceolam—linearibus.
