1907 3004
305 83 395 125 168
930 73 1221 118 CRYPTONEMEAE.
1556 75 1656 122 Nem
1665 84 1839 123 aslonza.

393 208 539 241 Frondis
566 206 692 239 lamina
721 213 870 238 carnosa
896 203 1032 238 inferne
1063 206 1176 249 latior,
1212 215 1364 247 unguem
1390 206 1464 240 fere
1489 207 1571 252 lata,
1597 209 1632 241 in
1658 213 1840 250 segmenta

300 269 422 301 abiens
449 265 660 306 dichotome,
687 263 892 295 2—3lineas
920 263 1000 306 lata,
1026 263 1172 296 linearia
1198 267 1257 297 aut
1281 264 1371 297 infra
1398 266 1588 299 divisiones
1610 267 1839 312 subcuneata‚

298 333 404 366 supra
431 323 555 355 axillas
582 321 788 354 rotundatas
816 322 971 363 incurva,
999 330 1097 363 saepe
1132 325 1331 356 extrorsum
1358 324 1392 356 in
1418 324 1564 357 lacinias
1590 326 1649 357 ⁵3-
1663 326 1692 368 3,
1720 335 1739 358 a
1764 327 1840 360 basi

299 383 422 414 latiore
448 380 667 412 sublineares
695 379 841 412 obtusas
870 379 1046 411 abeuntia.
1102 380 1129 411 A
1157 382 1313 421 margine
1341 385 1376 414 et
1401 382 1499 415 disco
1527 385 1735 424 proveniunt
1760 385 1841 417 fim-

298 441 385 472 briae
423 439 594 481 plurimae,
623 436 824 470 conformes
852 439 887 469 at
913 438 1020 469 multo
1047 438 1214 480 minores,
1242 441 1484 480 seminnguem
1511 441 1637 484 longae,
1664 443 1840 475 nonnullis

298 497 515 539 longioribus
542 498 577 529 in
604 497 788 535 segmenta
815 496 1118 537 excrescentibus,
1145 496 1274 528 lineam
1300 497 1380 530 latfe
1407 500 1466 530 aut
1493 500 1726 541 angustiores,
1752 499 1841 531 den-

298 558 372 589 sius
407 555 631 596 dichotomae,
667 555 923 587 ramificatione
957 556 1125 587 caeterum
1153 556 1345 595 segmentis
1380 555 1570 589 conformi:
1606 557 1756 600 laciniae,
1783 560 1841 590 ut-

297 617 381 656 pote
397 614 504 646 multo
521 614 686 655 minores,
703 612 851 645 formam
879 612 1010 645 liabent
1041 612 1198 646 dentium
1225 612 1431 646 obtusorum
1457 616 1492 646 et
1513 604 1599 647 ¹sunt
1623 616 1736 655 magis
1762 623 1843 647 car-

298 673 475 713 tilagineae
502 680 606 712 quam
634 670 711 703 aliae
737 673 870 712 partes.
921 669 1105 704 Structura
1131 672 1166 702 et
1191 670 1325 703 favellae
1353 673 1512 715 generis,
1537 673 1593 704 fila
1618 674 1840 714 periplierioa

299 740 402 764 muco
430 730 669 763 solidescente
695 728 851 762 cohibita
876 730 970 761 sunt.
1020 728 1123 761 Color
1149 738 1488 771 roseo-purpureus.
1538 729 1741 763 Substantia
1762 740 1842 763 car-

298 798 403 831 nosa·7
429 789 464 820 in
492 790 674 821 exsiccata
700 790 820 830 partes
852 788 995 820 latiores
1022 789 1135 829 magis
1161 788 1454 832 membranaceas,
1481 790 1704 830 angustiores
1730 791 1841 830 magis

298 847 549 887 cartilagineae.
599 846 736 878 Chartae
764 847 880 879 minus
907 845 1076 879 adhaeret.

392 904 529 937 Partem
567 904 769 937 inferiorem
808 904 941 937 frondis
970 914 1038 937 non
1068 905 1150 937 vidi.
1199 904 1248 937 Ex
1276 905 1544 938 characteribus
1571 915 1589 939 a
1615 908 1842 949 praecedente

298 971 368 995 non
396 963 542 996 multum
580 963 722 995 differre
760 962 878 995 forsan
907 963 1077 1005 videatur,
1104 962 1166 995 sed
1200 972 1322 996 revera
1350 963 1606 998 diversissima.
1655 964 1695 996 N.
1723 967 1842 998 cervi-

298 1020 416 1052 cornis
443 1019 548 1053 habet
574 1021 808 1054 substantiam
835 1020 1319 1054 succoso—membranaceam
1347 1021 1571 1065 Halymeniae,
1598 1021 1637 1055 N.
1661 1023 1842 1064 discigena

298 1080 737 1120 carnoso-cartilagineam
764 1079 1016 1122 Sphaerococci
1042 1080 1085 1112 ad
1111 1081 1265 1112 mentem
1291 1079 1327 1113 C.
1354 1079 1530 1120 Agardhii.

298 1204 332 1243 9.
367 1204 422 1244 N?
454 1214 611 1243 CUNEATA
646 1204 847 1252 (Meneqlz.
879 1206 1019 1251 mser.)
1055 1204 1193 1242 fronde
1226 1205 1628 1253 gelatinoso-carnosa
1660 1205 1841 1254 subplana

406 1272 626 1309 dicliotoma
665 1276 702 1309 et
733 1285 752 1310 a
782 1272 957 1320 margine
996 1272 1162 1323 pinnata,
1194 1273 1321 1321 pinnis
1353 1273 1589 1322 simplicibus
1621 1274 1842 1312 lanceola-iis

408 1341 565 1378 demum
600 1340 752 1378 turcatis
785 1340 1102 1390 cuneisormffius,
1134 1340 1305 1389 apicibus
1339 1341 1709 1390 subdivergennlms.

391 1417 615 1459 Grateloupia
644 1418 795 1450 cuneata
821 1415 1023 1460 Meneqlez'nz·
1048 1424 1157 1448 mser.

408 1488 497 1525 Hal).
528 1489 573 1526 ad
606 1499 693 1525 oras
725 1487 858 1525 Siciliae
891 1489 976 1534 (Hb.
1008 1488 1266 1535 Menegliinil)

387 1564 519 1598 Plantae
553 1566 773 1607 superiorem
807 1566 944 1606 partem
979 1565 1229 1606 tripollicarem
1263 1564 1391 1598 habeo.
1441 1563 1631 1607 Segmenta
1656 1565 1759 1609 hujus
1786 1568 1841 1600 in-

297 1623 425 1656 feriora
465 1623 670 1656 5—61ineas
708 1623 787 1665 lata,
827 1623 1059 1666 sublinearia,
1095 1622 1183 1655 infra
1224 1623 1468 1667 dichotomias‚
1507 1625 1672 1666 pollicem
1700 1627 1842 1658 circiter

297 1682 482 1724 distantes,
510 1682 567 1713 vix
594 1681 788 1722 conspicue
828 1680 982 1724 dilatata,
1017 1689 1123 1722 supra
1152 1681 1275 1714 axillas
1302 1683 1540 1715 acutiusculas
1565 1684 1741 1725 patentia,
1767 1686 1842 1715 ter-

297 1740 438 1773 minalia
465 1749 483 1772 a
509 1739 586 1772 basi
613 1739 737 1771 latiore
764 1741 956 1782 attenuata,
986 1739 1124 1783 obtusa,
1151 1739 1454 1781 subdivergentia.
1504 1744 1531 1774 A
1557 1744 1714 1782 margine
1740 1744 1841 1775 utro-

297 1808 364 1841 que
403 1800 555 1841 sparsim
593 1799 807 1839 proveniunt
842 1799 973 1839 pinnae,
1008 1797 1063 1830 hic
1090 1798 1160 1830 illic
1188 1798 1383 1842 densiores,
1410 1807 1504 1831 nunc
1528 1808 1593 1841 per
1619 1800 1840 1832 intervallum

296 1857 412 1898 nullas,
446 1855 606 1897 juniores
645 1857 848 1888 ll—“2lineas
882 1856 995 1896 longae
1021 1857 1190 1896 ligulatae,
1223 1857 1354 1889 sensim
1387 1858 1421 1889 in
1448 1857 1595 1890 formam
1621 1859 1840 1892 lanceolato-

296 1914 467 1947 linearem
493 1913 676 1952 abeuntes,
703 1913 843 1945 demum
870 1914 1059 1955 pollicares
1086 1923 1105 1945 a
1131 1913 1207 1946 basi
1235 1915 1438 1954 angustiore
1466 1916 1642 1948 cuneatim
1671 1917 1838 1961 dilatatae,

297 1973 398 2013 apice
435 1971 598 2013 surcatae,
636 1972 831 2011 segmentis
870 1971 1145 2014 divergentibus,
1187 1974 1343 2013 margine
1381 1975 1508 2006 iterum
1548 1975 1665 2015 ligulis
1692 1980 1838 2010 ornatae.

297 2030 525 2072 Cystocarpia
556 2038 620 2071 per
651 2030 801 2063 mediam
827 2030 993 2071 paginam
1019 2029 1154 2064 frondis
1182 2031 1406 2074 densissima,
1435 2034 1490 2070 (in
1516 2033 1583 2066 hoc
1611 2035 1755 2075 genere)
1784 2038 1840 2068 sat

297 2096 423 2127 magna
462 2090 497 2120 et
538 2087 631 2120 nudo
670 2087 772 2119 oculo
812 2089 1016 2129 conspicua.
1077 2089 1180 2121 Color
1206 2090 1350 2123 dilutius
1377 2100 1585 2133 purpureus.
1635 2092 1839 2126 Substantia

297 2146 509 2188 gelatinosa3
533 2145 664 2178 charta>
691 2146 887 2178 arctissime
915 2145 1082 2179 adbaeret.
1132 2147 1384 2181 Filainteriora
1399 2150 1839 2193 stipatissima3exteriora

296 2204 478 2236 verticalia
506 2203 624 2235 brevia
651 2207 686 2237 et
711 2205 834 2244 paucis
862 2205 1020 2236 articulis
1046 2207 1255 2239 constantia.

388 2262 436 2294 De
463 2261 632 2294 affinitate
671 2262 772 2304 hujus
810 2263 942 2304 speciei
981 2264 1147 2305 quaedam.
1182 2265 1286 2298 dubia
1322 2265 1403 2298 mibi
1431 2268 1590 2309 manent,
1626 2267 1690 2300 sed
1716 2269 1837 2301 nescio

297 2327 365 2360 quo
392 2320 469 2352 loco
508 2320 633 2353 melius
672 2322 889 2364 disponetur.
940 2324 965 2353 A
993 2322 1218 2365 Gratelonpia
1253 2324 1390 2365 longius
1418 2325 1549 2357 distare
1577 2326 1713 2359 videtur
1741 2328 1838 2367 gela-

296 2378 410 2409 tinosa
444 2378 653 2422 substantia,
687 2380 816 2423 colore,
844 2381 878 2412 et
904 2382 1096 2414 structura.
1148 2381 1199 2415 Sit
1223 2381 1341 2415 forsan
1370 2383 1584 2424 conjecturae
1611 2385 1721 2427 locuS,
1750 2385 1837 2417 Gra-

297 2435 488 2476 teloupiam
529 2437 732 2471 Consentini
770 2438 882 2482 Kuiz,
923 2439 1046 2472 eodem
1074 2440 1152 2473 loco
1179 2441 1306 2473 lectam
1333 2444 1367 2474 ct
1393 2442 1509 2483 quoad
1536 2442 1739 2482 ‹liagnosem
1768 2453 1835 2477 non

295 2502 419 2536 parum
447 2497 726 2541 convenientem,
754 2498 798 2531 ad
822 2501 1037 2539 praesentem
1064 2501 1222 2541 speciem
1248 2501 1425 2541 pertinere
1452 2507 1570 2541 posse.

831 2668 1000 2719 Species
1031 2669 1302 2721 inquirenda:

303 2764 359 2801 40.
392 2769 640 2807 Gi'iixornmm
671 2779 898 2808 ciixmnnasis
931 2767 1074 2821 [ΝΜΖ.
1106 2783 1163 2819 sp.
1192 2783 1230 2819 p.
1263 2770 1361 2819 74⁶2)
1394 2772 1530 2810 fronde
1565 2773 1738 2821 elongata
1784 2775 1832 2811 fi-

409 2832 551 2871 liforini
597 2837 955 2887 tereti-compressa
1000 2837 1524 2891 articulato-subcousti·icta7
1577 2841 1832 2879 exsiccatione
