1907 3004
265 79 357 119 262
907 67 1156 110 GmARTiNEAE.
1566 66 1802 124 (iiqartina.

263 209 416 247 molitus
454 216 550 255 sum,
588 207 625 241 et
663 202 753 241 dein
785 201 823 240 in
853 200 1069 250 posteriore
1102 201 1288 249 opusculo
1320 201 1459 241 limites
1492 199 1642 250 generis
1673 199 1801 249 legiti-

261 288 345 314 mos
377 276 519 312 ducere
551 270 701 309 tentari.

371 408 509 447 Genus‘
539 419 630 447 vero
669 407 718 445 ita
759 406 1005 444 constitutum
1049 405 1087 443 in
1127 406 1233 454 plura
1267 417 1395 443 rursus
1426 406 1597 444 dissolxit
1628 408 1800 457 lunzing;

260 479 326 517 sed
357 489 430 517 nec
461 476 506 514 ab
537 477 620 525 ipso
654 476 751 513 ullos
782 485 878 512 nova
908 485 1049 522 genera
1080 472 1359 521 distinguentes
1384 475 1620 512 characteres
1652 486 1801 523 propo-

259 548 351 585 sitos
388 544 512 594 video,
551 554 622 581 nec
660 543 751 580 inibi
791 543 886 579 ullos
925 541 1099 578 invenire
1123 541 1333 589 *hueusque
1373 542 1539 589 contigit.
1598 545 1800 580 Structurae

260 615 362 652 enim
402 612 639 662 differentia),
678 623 761 660 quae
801 610 951 660 adsunt,
995 609 1041 647 ab
1083 612 1190 647 {etate
1235 610 1475 659 potissimum
1507 610 1680 658 pendere
1712 610 1803 646 mihi

260 682 345 720 visae
383 683 487 730 sunt3
527 680 721 716 character
763 689 854 716 vero
894 678 1239 728 cystooarpiorum,
1285 689 1367 726 quae
1411 678 1449 715 in
1490 677 1802 715 Cliondracantlio

260 750 400 800 clausa,
447 748 483 785 in
529 747 722 794 Gigartina
766 746 1027 794 carpostotnio
1072 749 1203 794 aperta
1247 748 1459 796 nuncupat,
1505 745 1552 782 ita
1598 748 1702 782 certe
1748 747 1804 782 est

260 816 511 865 corrigendus
549 821 590 852 ut
629 814 667 852 in
706 817 871 862 utroque
909 813 1121 863 pericarpia
1164 813 1273 851 initio
1306 814 1443 864 clausa,
1475 813 1631 850 demum
1663 823 1803 862 carpo-

258 885 398 926 stomio
444 886 556 933 rupto
601 885 730 932 aperta
774 882 859 919 sint.
932 883 1108 928 Analyses
1150 881 1387 919 dii‘ersarum
1433 881 1648 930 specierum
1699 879 1806 917 dedit

257 967 328 1005 pro
361 963 471 991 more
502 950 760 1001 admirabiles,
803 953 840 987 et
870 950 1153 998 spbzerosporas
1196 949 1354 999 primus,
1394 948 1432 986 ni
1473 949 1594 998 fallor,
1627 949 1696 985 rite
1729 948 1803 984 dc-

260 1022 422 1071 scripsit.
483 1019 729 1057 lindliclterus
761 1029 880 1066 genus
911 1020 1086 1055 nostrum
1117 1017 1320 1067 adoptavit,
1350 1016 1417 1054 sed
1448 1016 1597 1065 specics
1629 1016 1801 1053 nonnul-

258 1090 310 1126 las
351 1087 448 1125 baud
488 1085 675 1134 legitimas
721 1085 943 1123 introduxit.
1005 1088 1147 1131 llarvey
1176 1096 1330 1133 quoque
1363 1088 1534 1121 nostrum
1566 1095 1685 1132 genus
1717 1094 1802 1120 am-

257 1156 372 1205 plecti
417 1154 578 1191 videtur.
653 1157 902 1201 Montagneus
948 1152 986 1189 in
1025 1153 1075 1190 Fl.
1113 1151 1269 1200 Algeriae
1301 1156 1429 1189 nostra
1462 1151 1614 1198 vestigia
1646 1151 1802 1188 demum

258 1226 423 1273 secutus,
455 1222 739 1272 spbaerosporas
772 1221 958 1269 triangulo
990 1220 1127 1258 divisas
1160 1219 1290 1268 generi
1324 1220 1421 1257 male
1453 1218 1592 1256 tribuit.

370 1362 511 1408 Genus,
549 1359 660 1408 quale
701 1357 791 1395 illud
823 1356 1010 1406 intelligo,
1043 1354 1181 1393 eximie
1213 1366 1304 1393 sane
1336 1355 1519 1406 naturale,
1550 1367 1570 1393 a
1601 1355 1801 1394 Gracilaria

258 1431 371 1476 longe
417 1428 622 1476 diversum,
666 1429 854 1463 structura
894 1436 979 1461 cuin
1023 1423 1151 1461 Iridaea
1191 1423 1340 1474 (Hom),
1379 1424 1570 1475 Cliondro7
1612 1425 1803 1475 Rissoella‚

256 1498 423 1545 Polyope
455 1499 492 1533 et
522 1493 766 1542 Grateloupia
800 1494 880 1531 lere
912 1492 1166 1542 conveniens3
1197 1492 1413 1542 pericarpio
1440 1496 1597 1530 externo
1616 1492 1801 1541 apiceque

257 1565 391 1611 aperto
437 1563 483 1599 ab
524 1562 654 1599 Iridaea
700 1565 737 1598 et
782 1561 960 1600 Chondro
992 1561 1317 1610 dignoscenduin3
1350 1561 1548 1598 savellidiis
1580 1561 1802 1609 compositis

258 1636 295 1669 et
323 1631 420 1669 soris
467 1631 822 1680 spbcerosporarum
862 1642 881 1667 a
921 1629 1087 1678 l'olyope
1128 1632 1165 1666 et
1202 1629 1446 1678 Grateloupia
1495 1629 1598 1666 nullo
1644 1629 1800 1676 negotio

257 1699 498 1748 distinctum,
542 1697 817 1748 spliaerosporis
863 1707 1020 1747 quoque
1067 1700 1104 1734 et
1149 1697 1280 1735 intima
1326 1696 1505 1736 savellidii
1551 1700 1737 1734 structura
1781 1707 1802 1733 a

258 1767 438 1806 Bissoella
471 1766 677 1806 diversum.

367 1899 513 1938 Diutius
553 1899 710 1948 quidem
749 1899 945 1947 cognitum
986 1899 1065 1949 suit,
1104 1899 1247 1936 fructus
1285 1898 1322 1936 in
1362 1898 1556 1936 nonnullis
1600 1899 1801 1948 speciebus

258 1980 342 2007 csse
387 1967 540 2005 diverso
586 1967 704 2004 modo
751 1967 857 2017 sitos,
904 1977 1006 2004 nunc
1044 1966 1172 2003 frondi
1210 1978 1313 2003 nunc
1344 1967 1491 2016 papillis
1522 1966 1704 2005 nimirum
1736 1968 1800 2005 in-

257 2036 394 2073 clusos,
456 2036 660 2084 l'truinque
693 2035 854 2071 fructum
887 2046 971 2072 esse
1003 2034 1176 2081 ejusdem
1210 2035 1375 2084 generis,
1400 2034 1580 2072 nimIrum
1601 2035 1801 2087 savettidia,

257 2104 322 2140 diu
360 2103 589 2140 credebatur
626 2103 752 2151 (Conl.
790 2102 910 2150 ngrv.
951 2102 1034 2150 Alq.
1075 2101 1171 2139 Nov.
1201 2101 1287 2141 Zel.
1319 2104 1361 2139 in
1393 2102 1511 2140 Hook.
1542 2101 1684 2140 Journ.
1718 2104 1798 2142 Boc.

256 2171 320 2208 IV.
348 2182 388 2219 p.
419 2167 496 2208 547
529 2170 576 2207 de
607 2170 691 2208 lrid.
725 2169 865 2208 stiriata
898 2173 975 2208 etl.
1004 2169 1166 2216 radula).
1199 2171 1397 2207 llookerus
1415 2174 1618 2220 etllarvey‚
1646 2169 1798 2220 (Crypt.

256 2241 438 2278 Antarct.
479 2250 518 2286 p.
563 2235 636 2286 77)
682 2249 760 2275 ren]
808 2238 920 2287 primi
966 2239 1213 2289 illustrarunt,
1252 2239 1394 2276 fructus
1427 2239 1552 2277 frondi
1583 2240 1799 2289 immersos,

257 2319 335 2344 non
370 2306 570 2357 savelliilia,
602 2305 668 2343 sed
699 2317 830 2343 sorum
860 2306 1212 2356 sphaerosporarum
1244 2306 1377 2344 sistere
1416 2306 1640 2345 indicantes.
1707 2309 1796 2345 lx'iit-

257 2375 342 2422 zing
386 2376 458 2412 boc
503 2385 658 2423 quoque
703 2373 804 2411 bene
851 2374 1035 2411 intellexit
1077 2378 1115 2411 et
1159 2373 1342 2425 depinxit,
1382 2374 1469 2411 licet
1498 2374 1700 2423 aliquando
1733 2374 1798 2421 (dc

257 2442 561 2491 (lliondrodictyo
607 2442 720 2480 verba
766 2442 941 2493 faciens),
972 2442 1192 2492 apparentia
1233 2443 1433 2494 deceptus,
1462 2453 1592 2481 sorum
1624 2442 1795 2492 spbaero-

257 2522 457 2560 sporarum
490 2514 529 2548 ut
559 2511 790 2549 savellidium
823 2510 1079 2560 descripserit.

368 2647 521 2695 Species
552 2646 705 2694 generis
738 2646 897 2684 naturali
929 2657 1028 2684 nexu
1062 2646 1272 2695 eobaerent3
1304 2644 1509 2683 substantia
1529 2643 1795 2680 lrretirnliore

258 2714 532 2760 aliquantulum
562 2714 706 2751 abludit
736 2718 775 2751 (i.
806 2714 1033 2764 mamillosa,
1064 2717 1251 2751 structura
1282 2717 1406 2749 tamen
1438 2710 1680 2748 conveniens.
1722 2714 1794 2748 Ρο-

259 2780 418 2827 ricarpia
450 2781 547 2818 illius
580 2793 734 2830 semper
764 2782 889 2819 clausa
922 2782 1010 2832 ridi,
1041 2792 1113 2819 nee
1144 2782 1425 2830 spluerosporas
1457 2778 1665 2835 observavi.
1708 2783 1794 2825 Qua:

260 2847 415 2885 ulterius
447 2848 678 2888 observanda
710 2849 1013 2889 animadvertere
1044 2849 1170 2887 debui.
