1907 3004
79 65 304 111 Cleandrus.
722 66 968 112 Gumanxeffi.
1510 74 1535 113 2
1546 71 1604 113 45

186 199 314 238 Stratis
358 199 507 237 duobus
554 203 737 238 contextae
784 205 879 239 suut.
947 204 1097 241 Cellulze
1132 205 1325 244 interioris
1356 206 1458 243 strati
1491 207 1606 244 elon—

75 270 178 317 gatae,
221 266 527 304 anastomosibus
571 278 881 316 quoquoversum
921 271 1154 309 radiantibus
1185 284 1269 310 cum
1302 273 1485 321 proximis
1512 274 1606 320 jun-

74 339 153 382 ctze,
196 333 235 369 in
277 334 506 380 juvenilibus
550 335 718 382 partibus
757 336 1002 382 cylindraeere
1045 342 1083 375 et
1125 344 1303 391 angustae,
1337 341 1372 378 in
1403 341 1606 379 adultiori-

73 402 142 438 bus
173 401 378 438 crassiores
424 405 460 438 et
505 402 712 453 breviores,
758 403 911 441 demum
957 405 1162 453 aliquando
1208 407 1256 445 ita
1302 408 1526 456 incrassatae,
1568 413 1607 446 ut

73 468 280 516 parietibus
324 469 452 516 plures
497 469 820 517 adproximantur.
896 474 1056 510 Stratum
1104 477 1302 512 externum
1348 479 1495 513 constat
1538 477 1607 514 tilis

72 535 310 572 verticalibus
355 535 679 574 monilisormibus
724 538 970 589 dicbotomis,
1016 539 1254 578 brevioribus
1301 541 1336 579 in
1382 542 1522 592 sterili,
1569 544 1606 580 in

72 606 178 651 parte
218 603 447 640 savellidium
488 603 706 642 includente
745 605 864 653 magis
905 606 1064 644 evolutis
1096 611 1132 644 et
1165 607 1200 645 in
1234 620 1304 646 una
1338 610 1472 658 pagina
1505 622 1607 660 prae-

73 670 183 718 cipue
215 670 465 717 longioribus.

185 738 383 776 Favellidia
416 739 601 776 nucleolis
633 739 804 788 pluribus
835 740 1059 790 constantia,
1091 752 1191 778 nunc
1222 742 1488 795 subimmersa,
1508 756 1609 782 nune

70 807 108 843 in
139 817 212 844 una
245 806 379 854 pagina
409 806 752 856 subprominentia,
784 807 1027 845 excavatione
1060 809 1250 846 conformi
1283 810 1320 846 in
1352 812 1481 861 altera,
1507 822 1609 848 nunc

71 874 229 911 omniuo
263 874 342 910 sere
375 884 522 910 emersa
555 876 592 910 et
622 873 658 910 in
691 884 762 911 uua
796 874 928 922 pagina
961 875 1119 926 sessilia,
1151 877 1265 915 altera
1295 878 1424 927 plana3
1456 890 1609 927 semper

71 942 208 991 clausa,
250 941 318 978 silis
360 940 599 977 verticalibus
628 940 954 979 monilil'ormibus
985 944 1243 992 pericarpium
1275 945 1609 996 constituentibus,

70 1010 225 1046 demum
271 1007 591 1045 circumcirculari
623 1009 815 1046 solutione
846 1022 864 1046 a
898 1010 1035 1047 fronde
1065 1012 1200 1063 soluta,
1232 1016 1295 1050 aut
1326 1015 1609 1053 excavationem

71 1076 223 1113 alterius
255 1076 400 1124 paginae
432 1078 495 1112 aut
526 1076 697 1113 foramen
718 1076 888 1125 pervium
908 1077 1174 1126 relinquentia.
1205 1080 1481 1130 Spliaerosporoe
1513 1082 1610 1121 insra

71 1143 311 1193 superficiem
345 1144 517 1193 evolutae,
549 1143 719 1192 plurimre
752 1143 788 1180 in
821 1155 948 1182 sorum
983 1146 1209 1197 conjunctae,
1241 1148 1438 1186 cruciatim
1469 1149 1609 1188 divis-ce.

181 1210 346 1249 Cliondri
391 1210 584 1259 quoddam
631 1222 749 1259 genus
783 1212 926 1260 primus
958 1213 1226 1251 Stackliousius
1264 1215 1302 1252 in
1344 1215 1447 1255 Edit.
1476 1219 1609 1264 prima

72 1277 167 1316 Ner.
212 1278 276 1315 Br.
317 1277 488 1315 instituit.
555 1281 637 1326 lpse
678 1278 767 1316 dein
800 1279 838 1316 in
870 1280 1045 1317 Editione
1077 1282 1244 1319 secunda
1275 1282 1447 1329 ejusdem
1480 1285 1610 1333 operis

72 1357 215 1384 nomen
247 1346 286 1384 in
318 1346 603 1394 polymorpham
635 1347 802 1385 mutavit.
835 1348 906 1386 Sed
935 1352 1171 1387 Lamouroux
1197 1362 1315 1398 genus
1339 1348 1608 1389 aliterlimita-

72 1417 151 1451 tum
170 1413 352 1462 condens,
370 1424 511 1451 nomen
530 1414 703 1463 primitus
721 1415 849 1453 datum
870 1417 1044 1455 restituit.
1083 1418 1246 1455 Cliondri
1267 1419 1364 1467 apud
1383 1419 1609 1466 Agardliium

71 1481 218 1530 species
263 1481 525 1528 Sphaerococci
571 1481 790 1519 effecerunt.
866 1483 1028 1520 Greville
1074 1477 1193 1532 g'enus
1238 1487 1609 1525 Lamoureuxianum

71 1548 290 1597 restituens,
321 1548 393 1584 boc
410 1547 454 1584 ad
474 1558 609 1585 omues
639 1549 787 1597 species
812 1550 1089 1601 Spliaerococci,
1110 1552 1244 1588 fronde
1262 1553 1370 1601 plana
1390 1554 1607 1592 dicliotoma

71 1615 258 1665 insignes,
305 1615 483 1652 extendit.
564 1616 724 1663 vestigia
769 1616 943 1654 Grevillei
991 1618 1226 1655 recentiores
1271 1620 1424 1668 plurimi
1468 1622 1610 1669 pressis

72 1681 233 1730 pedibus
277 1683 396 1719 secuti
442 1685 540 1720 sunt.
614 1685 697 1732 Ipse
745 1683 780 1720 in
827 1684 924 1731 Algis
970 1684 1261 1722 Meditari-aneis
1307 1697 1427 1733 genus
1471 1688 1610 1726 arctius

73 1748 390 1786 circumscribere
434 1749 588 1786 molitus
633 1761 735 1799 sum3
781 1750 965 1787 suadente
1012 1752 1134 1788 fructu
1180 1755 1217 1789 et
1260 1753 1448 1790 structura
1491 1755 1610 1791 varias

73 1814 220 1864 species
267 1815 420 1865 exclusi,
465 1816 569 1866 alias,
614 1827 706 1865 quas
752 1817 801 1854 ob
833 1817 1011 1855 frondem
1054 1819 1336 1857 teretiusculam
1375 1822 1612 1871 expulerant,

73 1882 203 1931 generi
236 1883 433 1922 vindicavi.
492 1884 563 1922 Sed
608 1885 731 1922 fructu
775 1885 812 1922 in
845 1885 1017 1934 plurimis
1051 1890 1140 1924 tunc
1172 1888 1343 1925 noudum
1376 1888 1612 1939 investigato,

73 1962 145 1988 nec
188 1954 413 1990 structuram
456 1952 493 1990 in
536 1954 673 2002 plantis
712 1953 990 1991 consimillimis
1022 1955 1209 1992 diversam
1232 1956 1460 2006 suspicanti,
1492 1967 1612 2004 genus

70 2020 180 2068 justis
223 2020 382 2058 definire
427 2021 607 2059 limitibus
646 2022 736 2059 mihi
775 2022 872 2060 baud
905 2022 1081 2072 contigit3
1113 2023 1204 2071 quin
1237 2023 1354 2060 immo
1386 2022 1488 2071 ipsos
1519 2024 1611 2060 clia—

75 2091 240 2124 racteres
271 2088 422 2135 generis
454 2089 498 2126 ad
529 2089 699 2137 speciem
731 2089 827 2126 baud
859 2090 1066 2138 legitimam
1098 2090 1258 2128 exarari.
1313 2089 1468 2137 Ktitzinss·
1498 2089 1611 2126 diffe-

75 2155 235 2192 rentiam
277 2155 627 2205 splioerosporarum
669 2156 813 2205 primus
851 2157 1027 2205 exposuit
1057 2161 1094 2194 et
1127 2157 1163 2194 in
1202 2157 1308 2206 plura
1341 2169 1437 2195 nova
1471 2168 1610 2204 genera

75 2227 180 2261 vetus
225 2223 390 2261 Cliondri
436 2234 555 2270 genus
601 2224 782 2261 dissolvit.
850 2224 1010 2262 Nomine
1049 2224 1214 2262 Cliondri
1259 2235 1378 2272 genus
1409 2223 1612 2272 adoptavit,

76 2291 179 2339 quod
218 2291 326 2328 aliter
363 2291 558 2338 paululum
598 2291 798 2328 limitatum
837 2291 952 2328 bodie
984 2301 1184 2329 conservo.
1244 2290 1461 2337 Ktitzingius
1492 2289 1611 2326 nimi-

76 2370 160 2395 rum
206 2368 275 2394 suo
321 2357 452 2405 generi
498 2360 576 2393 tum
621 2358 682 2395 Cli.
722 2357 911 2407 celticum,
957 2369 1070 2405 quem
1116 2357 1397 2405 Gyuinogongri
1443 2357 1612 2404 speciem

76 2429 182 2475 puto,
220 2428 298 2461 tum
338 2428 373 2462 F.
416 2424 660 2461 constrictum
701 2424 875 2474 'hu-neri,
906 2435 1020 2472 quem
1052 2425 1138 2461 novi
1171 2425 1323 2472 generis
1354 2426 1480 2471 typum
1513 2434 1612 2460 cou-

77 2491 192 2542 stitui,
224 2491 444 2529 introduxit.
504 2493 543 2528 ln
578 2491 710 2527 ultimo
742 2502 812 2527 suo
845 2502 963 2539 opere
994 2490 1063 2526 sub
1090 2491 1246 2527 nomine
1264 2490 1613 2543 Clipiitli·ivetei·eiu

77 2559 418 2598 diversissimarum
450 2559 666 2608 specierum
698 2559 924 2606 farraginem
958 2558 1196 2596 offendimus.

188 2630 328 2677 Genus,
370 2628 481 2675 quale
524 2628 595 2663 boc
634 2627 720 2664 loco
767 2627 963 2663 limitatum
1006 2638 1198 2675 propono,
1240 2626 1285 2663 ad
1318 2625 1544 2673 Gigartiuam
1577 2630 1614 2663 et

79 2695 247 2733 lridzeam
293 2694 466 2743 proxime
513 2694 671 2743 accedit,
716 2696 902 2731 structura
946 2694 1025 2730 sere
1068 2694 1216 2744 eadem,
1260 2694 1532 2742 spluerosporis
1575 2695 1611 2730 iu

79 2772 209 2799 sorum
241 2761 470 2812 conjunctis,
501 2765 538 2798 et⁴
568 2761 746 2798 savellidii
777 2764 962 2798 structura
994 2761 1205 2798 simillimis,
1265 2761 1315 2799 ΑΙ)
1341 2765 1502 2809 utroque
1522 2774 1611 2799 vero

81 2840 223 2876 genere
260 2829 451 2867 diversum
492 2829 640 2868 videtur
678 2829 925 2868 consistentia
967 2829 1149 2879 firmiore,
1182 2830 1228 2866 ita
1269 2832 1308 2866 ut
1338 2829 1443 2867 l'rous
1475 2828 1612 2866 made-
