1907 3004
66 59 299 118 quartitm.
483 71 485 73 ·
706 62 955 108 G1GART1NEAE.
1499 75 1558 115 26
1567 73 1592 114 5

156 192 342 234 specimen
369 193 463 237 quod
488 202 607 227 coram
634 196 745 228 oculis
772 196 883 230 liabeo
911 200 1064 243 unicum,
1091 201 1272 241 aspectum
1300 201 1403 234 offert
1421 203 1594 244 quodam-

62 251 165 285 modo
193 252 356 294 alienum,
392 253 480 284 inter
506 252 542 284 G.
569 253 775 294 1›istsillatain
802 257 836 287 et
863 256 900 288 G.
927 256 1043 289 Teedii
1072 257 1143 290 sere
1170 259 1427 292 intermedium.
1475 260 1594 292 Rami-

62 311 225 343 licatione
265 311 300 342 et
336 311 565 343 consistentia
604 320 730 345 cornea
771 322 849 346 cum
883 316 989 356 priori
1018 318 1198 359 convenit‘,
1225 319 1342 359 pinnis
1370 319 1592 353 densioribus

61 370 204 403 alteram
231 369 426 402 somniatur.

154 427 484 470 Quantumcumque
511 428 659 463 diversm
685 431 754 463 sint
781 430 900 464 forma]
929 433 1055 474 typicae
1083 432 1121 466 G.
1147 434 1326 474 pistillatze
1354 436 1388 468 et
1403 437 1439 469 G.
1463 437 1592 481 Teedii,

60 488 176 518 tamen
213 485 342 518 formas
380 487 608 520 intermedias
649 488 814 522 obvenire
854 490 970 523 dicero
1009 491 1061 524 sas
1097 493 1160 534 est,
1188 501 1266 534 quae
1293 495 1407 525 utrum
1435 494 1477 526 ad
1504 494 1593 527 lianc

59 552 102 576 an
129 545 220 577 illam
246 545 457 587 pertineant,
483 545 575 578 hand
603 546 704 579 facile
732 548 869 580 dicitur.
921 549 1089 590 Equidem
1115 552 1308 590 specimina
1325 552 1590 597 mediterranea,

59 605 91 635 in
131 602 326 643 Speciebus
364 602 527 643 Algarum
563 604 711 645 Agardlii
751 605 817 638 sub
846 605 883 638 G.
911 606 1080 647 pistillum
1107 612 1310 653 memorata,
1337 611 1455 652 potins
1482 612 1523 644 ad
1552 613 1589 646 G.

57 661 173 694 Teedii
201 661 384 693 reserenda
411 663 588 694 existimo.

150 719 232 762 Spli.
269 720 462 761 gigni-tinus
495 729 565 755 var.
600 723 757 755 costatus
785 720 908 764 (Salen
937 721 1006 767 Alq.
1032 721 1127 757 Eclsl.
1150 734 1184 767 p.
1212 725 1248 767 9)
1277 726 1330 758 est
1355 725 1464 760 forma
1492 729 1591 762 valde

60 777 176 820 dubia,
205 776 286 810 milii
314 778 443 818 ignota.

63 880 96 919 4.
127 884 167 919 G.
210 889 426 919 FLABELLATA
475 881 528 926 [J.
572 882 638 930 Ay.
682 886 822 930 mser.)
870 884 1008 922 fronde
1054 885 1298 925 teretiuscula
1342 887 1590 928 dichotome-

168 948 363 1000 fastigiata,
407 949 592 988 flabellata
637 952 870 1000 ramulisqne
908 953 1092 1001 pinnatim
1132 953 1326 1004 dispositis
1363 954 1591 1002 subcoryni-

169 1016 283 1064 bosa,
327 1017 533 1065 segmentis
577 1018 823 1068 pinnulisque
870 1020 1034 1072 obtusis⁷
1080 1024 1325 1073 cystocarpiis
1354 1025 1392 1062 in
1424 1026 1591 1074 pinnulis

166 1083 435 1131 corymborum
480 1086 708 1136 lateralibus,
752 1088 850 1125 soris
896 1089 933 1126 in
980 1091 1187 1139 segmentis
1232 1090 1373 1129 ultimis
1414 1092 1590 1142 utrinque

164 1152 433 1190 sublineariter
462 1154 635 1202 expansis
667 1154 892 1194 abbreviatis
925 1159 1120 1207 oppositis.

165 1229 254 1269 Hab.
285 1231 330 1268 ad
362 1234 450 1270 Port
478 1232 649 1281 Pliilippe
680 1235 868 1272 Australiae
900 1235 1025 1284 (dedit
1055 1237 1214 1285 Malnil).

146 1306 255 1340 Frons
293 1307 575 1352 10—6pollicaris,
613 1319 763 1351 pennam
802 1311 874 1343 sere
915 1315 1095 1346 corvinam
1121 1315 1255 1348 inferne
1291 1326 1422 1360 crassa,
1449 1329 1590 1352 sursum

53 1366 184 1398 sensim
221 1367 370 1410 tenuior,
409 1367 568 1409 apicibus
607 1368 743 1402 obtusis
782 1378 934 1411 pennam
973 1372 1210 1406 columbinam
1244 1374 1316 1407 sere
1349 1377 1588 1420 manantibus·⁷

51 1422 190 1456 Sterilis
233 1423 432 1457 dichotoma
471 1425 656 1469 fastigiata,
698 1430 889 1468 segmentis
927 1431 1130 1472 patentibus
1164 1432 1366 1466 flabellatim
1404 1437 1589 1479 expansis3

50 1479 237 1524 Sporisera
275 1491 428 1524 superne
466 1483 740 1525 subcompressa
780 1487 816 1517 et
853 1486 996 1521 densius
1031 1488 1230 1523 dichotoma
1255 1492 1418 1533 pinnisve
1445 1493 1589 1526 confor-

51 1541 167 1574 mibus
193 1542 316 1583 paucis
351 1540 483 1573 obsita:
517 1541 551 1572 in
578 1544 770 1583 segmentis
796 1544 927 1578 ultimis
952 1547 1201 1588 penultimisve
1226 1550 1295 1581 sori
1324 1551 1486 1592 utrinque
1513 1553 1588 1584 sin-

52 1600 122 1641 guli
150 1601 184 1633 et
208 1600 417 1642 plerumque
455 1601 620 1642 oppositi,
659 1601 889 1647 sublineares,
931 1604 1058 1637 lineam
1092 1606 1310 1647 longitudine
1337 1609 1394 1641 vix
1421 1611 1587 1651 expansi:

51 1657 169 1691 colore
206 1659 485 1699 purpurascente
522 1659 557 1691 in
594 1658 716 1692 fronde
756 1669 880 1694 carnea
919 1664 1120 1706 conspicui3
1149 1663 1411 1708 qemmz‘diisera
1436 1667 1586 1710 deniqne

51 1715 147 1749 frons
184 1717 310 1757 pinnas
348 1716 476 1748 emittit
512 1725 664 1758 superne
702 1718 883 1763 plurimas,
910 1719 1070 1753 frondem
1097 1722 1206 1755 dense
1233 1723 1478 1766 corymbosam
1504 1726 1587 1758 red-

51 1774 186 1818 dentes,
224 1774 393 1815 pinnatim
429 1775 463 1807 in
490 1775 631 1808 rachide
658 1776 861 1821 dispositas,
889 1778 1391 1826 decomposito-dicbotomas‚
1419 1785 1587 1817 teretius-

50 1832 165 1865 culas:
202 1832 430 1875 Cystocarpia
466 1834 501 1865 in
539 1833 600 1878 his}
625 1834 783 1868 lateralia
810 1836 862 1877 (in
890 1838 1020 1870 nostris
1047 1848 1116 1871 non
1143 1839 1232 1873 bene
1260 1842 1433 1883 evoluta).
1484 1843 1587 1876 Color

50 1890 394 1925 carneo-latescens.
445 1891 647 1927 Substantia
673 1895 863 1929 exsiccatae
890 1896 1138 1940 cartilaginea,
1165 1898 1359 1933 madefacta
1386 1900 1488 1934 facile
1512 1902 1586 1935 dis-

51 1949 207 1982 solvitur.
233 1967 278 1974 —-
306 1949 487 1985 Structura
514 1954 667 1992 generis.

143 2007 405 2041 Ramificatione
449 2009 525 2043 haec
564 2012 704 2052 species
743 2021 822 2045 cum
861 2012 899 2046 G.
934 2014 1103 2056 pistillata
1140 2016 1364 2057 potissimum
1403 2020 1584 2062 convenit,

49 2067 167 2100 colore
194 2069 229 2100 et
254 2069 359 2101 ramis
386 2068 624 2103 obtusioribus
658 2070 778 2104 habitu
806 2074 861 2105 sat
887 2073 1036 2116 diversa,
1064 2073 1327 2108 characteribus
1357 2077 1523 2108 caeterum
1551 2079 1585 2109 in

49 2125 283 2166 dispositione
308 2126 483 2160 fructuum
510 2129 690 2170 praecipue
717 2131 930 2172 quaerendis.
980 2131 1054 2172 Gig.
1081 2133 1251 2173 pistillata
1276 2131 1387 2166 Mene.
1418 2132 1584 2176 l'oy.1’0l.

47 2184 128 2217 Sud.
151 2194 186 2227 p.
215 2186 290 2230 419,
318 2194 360 2219 ex
387 2187 510 2220 insulis
536 2187 728 2231 Auckland,
757 2188 873 2222 forsan
900 2189 943 2222 ad
969 2189 1059 2222 hanc
1086 2191 1242 2232 speciem
1269 2193 1457 2233 pertineat.

49 2288 83 2326 5.
115 2290 154 2326 G.
184 2297 364 2326 cosronTA
397 2290 521 2338 (Bory
558 2290 644 2338 Voy.
677 2289 796 2339 Coqu.
827 2303 865 2330 n.
900 2292 969 2338 48)
1014 2293 1150 2331 fronde
1189 2305 1407 2343 compressa
1445 2295 1583 2333 diebo-

159 2359 273 2407 toma,
315 2357 520 2403 segmentis
560 2358 791 2406 ramulisqne
834 2360 1050 2397 lateralibus
1091 2361 1321 2399 subdisticlie
1361 2376 1380 2400 a
1411 2364 1582 2411 margine

159 2423 384 2461 exeuntibus
429 2424 537 2472 apice
582 2424 824 2463 densioribus
869 2426 1168 2466 subfasciculatis
1199 2429 1485 2480 decompositis,
1518 2442 1581 2467 ra-

156 2490 279 2528 mellis
311 2502 330 2528 a
361 2491 440 2529 basi
486 2493 554 2530 lata
599 2492 822 2531 acuminatis
866 2505 1175 2544 quoquoversum
1223 2497 1452 2549 patentibus,
1497 2498 1582 2535 sru-

160 2559 292 2597 ctibus.
329 2590 336 2597 .

142 2636 321 2677 Gigartina
347 2638 506 2670 contorta
534 2635 629 2680 Bory
655 2636 675 2670 l.
704 2638 770 2670 c.!!

157 2707 245 2746 llab.
274 2708 312 2745 in
343 2709 470 2747 littore
501 2708 663 2747 (Iliilensi
696 2709 740 2747 ad
773 2711 1008 2759 Concepiion
1042 2709 1295 2757 (D‘llrvillel).

142 2783 249 2816 Frons
283 2794 300 2817 a
337 2786 454 2818 radice
491 2786 619 2819 fibrosa
657 2787 940 2830 Q-u3pollimiris,
980 2796 1196 2831 compressa,
1237 2789 1370 2822 inferne
1408 2791 1580 2824 distanter

48 2839 315 2887 2--3eliot0n1a,
351 2852 503 2886 superne
543 2847 736 2886 segmentis
778 2846 896 2880 densis
935 2845 1151 2880 fasciculata.
1213 2846 1400 2889 Segmenta
1427 2851 1459 2883 in
1486 2850 1579 2884 idem
