1907 3004
257 78 282 119 2
291 78 350 119 76
898 69 1145 112 GioAnrixEAE.
1560 69 1796 130 quarte'na.

255 209 407 252 capsulis
442 205 621 237 evidenter
655 204 815 236 rostratis
843 202 971 235 differt.
1025 202 1059 234 ln
1089 203 1243 236 editione
1269 201 1418 236 [conum
1444 201 1667 237 Inedilarum
1694 215 1792 248 nova,

254 276 358 310 quain
396 264 528 306 publici
563 262 652 303 juris
686 261 765 304 feci,
802 262 986 302 utramque
1024 261 1179 303 plantam
1217 262 1405 295 identicam
1444 271 1534 306 esse,
1573 265 1608 295 et
1640 273 1794 297 errorem

253 324 367 367 quoad
393 323 509 355 locum
532 320 685 353 natalem
714 320 902 360 irrepsisse
927 319 1031 360 finxi,
1058 328 1094 351 re
1121 328 1203 352 vero
1231 322 1432 353 accuratius
1460 329 1636 362 perpensa
1652 324 1686 354 et
1700 331 1795 363 prze-

252 384 354 424 ripue
393 380 528 412 ratione
565 378 684 411 hahita
724 379 1040 420 oystoearpiorum,
1081 387 1159 420 quae
1198 380 1233 411 in
1271 382 1392 412 nostra
1431 383 1592 423 rostrata,
1630 383 1663 414 in
1692 381 1794 415 lcone

252 448 391 481 semper
417 439 560 480 mutica,
587 438 771 478 utramque
799 436 1084 475 distinguendam
1111 445 1190 468 esse
1218 436 1363 469 credidi.
1415 437 1524 470 Dubia
1552 447 1620 472 non
1648 440 1713 472 nisi
1739 441 1795 473 in-

251 499 373 539 specto
400 494 568 527 Heibario
595 493 836 527 Chamissonis
864 493 1043 527 solvenda.

344 554 488 586 Formas
515 552 618 593 hujus
646 553 779 593 speciei
807 553 842 584 in
867 550 1243 596 Ilarv.ap.Beecl1ey
1275 551 1354 596 loy.
1379 557 1521 588 nomine
1548 530 1589 589 lr
1615 556 1742 598 papilla
1739 558 1794 589 .tae

250 615 285 645 et
309 611 331 644 l.
359 612 507 645 stiriatae
534 612 746 643 memoratas
773 610 881 643 fuisse
901 612 1076 653 susnieor.
1126 611 1275 652 Kiitzing
1301 613 1554 654 speciminibus
1582 614 1794 656 Haiveyanis

249 672 419 713 inspectis
458 669 601 702 easdem
639 668 704 701 sub
742 677 836 701 nom.
875 678 982 710 supra
1021 671 1137 702 citatis
1168 671 1369 713 descripsit.
1431 671 1573 704 Formas
1607 673 1793 705 nonnullas

250 738 369 762 coram
404 728 516 760 oculis
552 727 676 770 habeo,
711 736 790 768 quae
817 736 897 760 cum
924 727 1113 770 descriptis
1140 729 1332 770 speciebus
1358 730 1598 771 Kiitzingianis
1624 734 1679 764 sat
1704 731 1794 764 bene

250 789 474 829 conveniunt,
513 794 621 828 quare
662 785 803 818 easdem
841 786 979 827 plantas
1007 795 1024 819 a
1051 787 1153 820 nohis
1192 788 1390 821 intellectas
1423 788 1533 821 fuisse
1566 790 1625 821 vix
1651 789 1794 832 dubito,

249 848 381 879 nostrae
410 848 527 878 autem
555 852 677 876 omnes
705 844 749 876 ad
777 844 926 877 eandem
952 846 1109 888 speciem
1135 847 1312 888 pertinere
1341 846 1422 878 mihi
1450 846 1624 881 videntur.

249 970 313 1010 20.
345 974 384 1010 G.
416 979 623 1009 FAS'rlclATA
658 969 712 1016 [J.
745 972 811 1019 Ay.
842 971 924 1009 Act.
957 970 1081 1009 Halm.
1127 971 1227 1009 4849
1271 964 1428 1021 &svers
1466 983 1503 1020 p.
1543 973 1615 1021 86)
1660 973 1796 1011 fronde

361 1050 676 1076 carnoso-crassa
723 1039 1081 1089 tereti-com1·›ressa
1121 1040 1405 1078 obsoletissime
1450 1041 1693 1078 canaliculata
1732 1042 1796 1078 di-

360 1106 770 1156 cliotomo-sustigiata,
802 1107 1009 1154 segmentis
1040 1107 1305 1156 superioribus
1336 1108 1527 1156 congestis
1546 1119 1795 1157 compresso-

360 1173 581 1223 linearibus⁷
623 1173 887 1211 terminalibus
927 1174 1199 1212 obtusiusculis
1232 1175 1476 1223 marginatis
1507 1179 1570 1213 aut
1601 1175 1795 1215 dentisor-

368 1241 495 1278 inibus
526 1244 564 1277 et
593 1240 964 1288 subdivergentibus.

341 1317 524 1350 Cliondrns
551 1318 760 1351 scutellatus
786 1316 930 1362 Herinq.
956 1318 993 1351 in
1017 1317 1184 1363 Reyensb.
1200 1318 1251 1352 Fl.
1273 1318 1797 1362 48461».ἫοῖωχΚϊιῑῑῑης).

359 1388 446 1426 [lab.
478 1389 523 1426 ad
555 1393 640 1438 Cap.
673 1389 706 1426 b.
739 1390 825 1439 Spei
859 1390 895 1428 in
926 1390 1012 1429 sinu
1044 1390 1201 1429 tabulari
1236 1392 1399 1440 (Pappel
1446 1391 1794 1439 [lb.Arescliougl).

337 1466 446 1499 Frons
474 1466 546 1499 sere
573 1466 783 1510 Chondrum,
812 1468 951 1509 qualem
978 1468 1011 1500 in
1037 1467 1197 1501 Lamour.
1226 1467 1317 1501 Diss.
1344 1467 1426 1501 Tub.
1452 1469 1488 1500 Μ
1508 1467 1793 1511 lig.4ilepictu1n

248 1526 360 1569 video,
404 1525 524 1558 habitu
563 1526 721 1558 reserens
759 1526 822 1559 sed
860 1527 970 1559 multo
1008 1529 1180 1569 crassior,
1215 1536 1232 1559 a
1260 1527 1358 1559 disco
1386 1526 1532 1559 radicali
1560 1525 1793 1558 erectiuscula

245 1584 532 1627 2—3pollicaris,
560 1584 695 1617 inferne
723 1585 1002 1626 simpliciuscula
1030 1587 1064 1617 et
1090 1587 1194 1628 teres,
1223 1585 1303 1618 dein
1326 1584 1795 1625 dichotomo-decomposita

245 1642 502 1676 subtlabellata.
552 1641 741 1683 Segmenta
768 1652 922 1685 superne
950 1644 1194 1685 adproximata
1221 1643 1411 1686 fastigiata,
1446 1650 1650 1684 compressa
1678 1643 1712 1673 et
1738 1641 1794 1672 in-

246 1702 543 1745 crassato-plana,
583 1703 628 1735 ita
665 1704 702 1735 ut
728 1703 840 1734 sectio
869 1703 1116 1735 transversalis
1144 1703 1281 1735 orale-m
1307 1701 1454 1734 sormam
1483 1702 1680 1743 recuperet,
1707 1699 1795 1732 sub—

246 1761 577 1803 cuneato-linearia,
606 1761 803 1793 terminalia
830 1761 1025 1794 conformia
1054 1761 1299 1794 obtusiuscula
1325 1762 1384 1793 aut
1410 1760 1639 1800 emarginata.
1666 1757 1789 1790 Axillae-

243 1818 419 1859 patentes,
446 1818 683 1851 terminalium
722 1819 991 1862 patentissima’,
1030 1820 1077 1851 ita
1104 1821 1141 1851 ut
1167 1820 1350 1858 segmenta
1377 1817 1574 1849 terminalia
1603 1815 1792 1848 suleiver-

245 1877 364 1916 gentia
391 1876 553 1908 evadant.

338 1932 485 1974 Species
524 1934 600 1965 sine
641 1933 746 1966 dubio
790 1934 968 1977 distincta,
1009 1936 1044 1966 at
1081 1934 1197 1966 fructu
1236 1934 1355 1974 ignoto
1395 1932 1510 1974 quoad
1541 1941 1651 1973 genus
1678 1930 1791 1964 adhuc

244 1990 363 2024 forsan
389 1991 507 2024 dubia.
571 1991 755 2024 Structura
781 1992 910 2033 plantae
938 1992 1068 2024 sterilis
1096 1992 1312 2032 Gigartinam
1339 1991 1489 2032 indicat,
1519 1992 1554 2022 et
1579 1991 1608 2022 si
1637 1997 1790 2031 synony-

244 2057 324 2080 mon
364 2048 517 2089 Heringii
558 2050 601 2083 ad
638 2050 728 2082 lianc
763 2049 842 2091 jure
881 2050 1041 2093 trahitur,
1076 2050 1222 2093 fructus,
1250 2059 1338 2092 quos
1365 2049 1545 2092 describit,
1575 2048 1790 2088 Gigartinam

244 2115 385 2149 quoque
424 2107 584 2142 suadent.
643 2107 763 2141 Planta
791 2108 948 2150 ejusdem
976 2110 1127 2142 nominis
1155 2109 1327 2149 Kiitziugii
1356 2108 1494 2141 diversa
1522 2107 1603 2139 mihi
1636 2106 1788 2146 videtur·⁷

243 2165 300 2197 ille
345 2167 436 2198 enim
475 2167 633 2200 coccidia
674 2168 858 2200 scutellata
900 2169 933 2200 in
962 2177 1024 2200 sua
1062 2168 1181 2210 planta
1209 2167 1398 2209 describit,
1424 2165 1482 2198 hic
1510 2166 1629 2207 apices
1656 2163 1790 2196 frondis

243 2223 673 2267 scutellato-spathulatos
701 2225 801 2258 dixit.

243 2360 305 2398 21.
337 2364 377 2401 G.
411 2365 588 2401 ΒιῐιυιΑΝΝι
623 2365 709 2413 (Ay.
744 2365 807 2413 Sp.
840 2364 922 2413 Alq.
950 2376 988 2413 p.
1022 2363 1120 2411 272)
1153 2363 1290 2402 fronde
1323 2374 1481 2401 carnosa
1507 2373 1628 2400 crassa
1647 2362 1786 2411 plano-

355 2431 602 2468 canaliculata
640 2431 857 2470 dichotomn
900 2437 963 2470 aut
1003 2432 1210 2480 segmentis
1242 2430 1513 2479 marginalibus
1545 2431 1784 2479 snbpinnatu,

354 2497 562 2545 segmentis
603 2510 755 2537 sursum
799 2499 974 2548 expansis
1006 2499 1177 2536 cnneatis
1208 2502 1271 2536 aut
1302 2497 1583 2535 sublinearilnis
1614 2496 1784 2542 margine

356 2564 547 2616 Involutis,
578 2566 751 2615 apicibus
785 2567 1068 2617 obtusiuscnlis,
1100 2566 1356 2615 cystocarpiis.
1391 2595 1398 2603 .

337 2653 619 2695 Splimrococcus
646 2656 833 2689 Burmanni
859 2655 918 2699 Ay.
945 2655 965 2688 l.
993 2665 1022 2688 c.
1051 2656 1083 2687 el
1109 2653 1199 2697 Syst.
1222 2664 1258 2698 p.
1285 2654 1370 2687 ‘2241

337 2711 555 2746 Surcotlialia
582 2714 767 2747 Burmanni
795 2713 897 2747 Isim.
928 2723 978 2757 sp.
1001 2724 1036 2757 p.
1064 2713 1147 2746 739!

339 2767 458 2801 {ridica
485 2771 569 2805 lissa
593 2772 698 2806 Salar.
724 2774 761 2806 ἰἰι
788 2772 838 2807 Fl.
870 2773 968 2805 4836.
997 2772 1026 2805 I.
1052 2771 1162 2806 Beier.
1189 2781 1223 2805 n.
1252 2773 1270 2803 2
1293 2780 1371 2814 paq.
1399 2768 1442 2801 24-
1466 2765 1521 2811 fiy.
1549 2767 1619 2800 ‘26ss

354 2850 442 2888 llab.
476 2852 512 2889 in
544 2855 629 2893 sinu
662 2856 820 2895 tabulari
851 2856 896 2895 ad
928 2859 1012 2905 Cap.
1046 2855 1079 2894 Ι),
1111 2853 1219 2904 Spei3
1251 2853 1296 2890 ad
1328 2855 1401 2901 Cap
1434 2854 1535 2890 llorn
1567 2862 1641 2889 see.
1674 2850 1782 2889 Sulll'.
