1907 3004
230 100 290 138 42
888 92 1098 134 CERAMOEAE.
1433 92 1766 139 Callitlzamm'on.

280 224 288 228 “
337 226 424 265 Hab.
468 226 509 262 in
555 223 637 261 aliis
681 223 773 272 algis
818 224 1015 273 parasitica
1060 223 1107 263 ad
1139 236 1225 262 oras
1255 224 1370 262 maris
1401 225 1688 264 Mediterranei!
1728 230 1766 264 et

224 293 417 332 Adriatici!
450 292 487 328 in
519 303 667 330 oceano
698 292 878 330 Atlantico
911 292 956 330 ad
988 293 1115 330 littora
1146 291 1300 330 Galliae?

317 358 489 398 Caespites
514 357 604 390 2-3
631 358 831 401 pollicares,
859 358 971 402 densi,
1003 360 1110 391 ramis
1137 358 1424 392 caulescentibus
1451 359 1650 391 numerosis
1676 366 1764 391 con-

223 417 348 448 stituti.
408 415 535 448 Caules
573 425 714 449 sursum
753 416 855 457 longe
882 418 1054 459 corticati,
1082 418 1189 450 ramis
1216 418 1376 459 plurimis
1404 419 1537 459 ornati,
1563 417 1661 449 Rami
1688 426 1764 449 am-

221 474 296 506 bitu
322 475 543 517 pyramidati,
581 475 633 506 vel
667 475 786 516 potius
812 476 938 517 conici,
966 476 1072 507 ramis
1099 475 1342 516 superioribus
1369 478 1501 509 sensim
1527 475 1762 508 brevioribus.

220 530 317 563 Rami
354 532 550 574 ramulique
588 534 624 565 in
661 541 725 565 suo
764 534 894 575 quique
934 533 1034 565 caule
1071 534 1237 565 crassiori
1258 533 1498 574 subpinnatim
1525 533 1700 575 dispositi,
1728 535 1764 566 at

220 597 507 631 quoquoversum
533 590 779 633 egredientes,
805 591 1009 623 terminales
1037 591 1164 623 eximie
1192 589 1635 635 fasciculato-corymbosi.
1691 591 1761 624 Ra-

219 647 303 679 muli
319 648 519 680 secundarii
546 648 725 682 rachidem
751 649 971 689 longitudine
997 648 1262 691 subaequantes,
1291 650 1607 692 erecto-patentes,
1634 649 1762 682 subre-

219 704 389 744 gulariter
417 706 622 738 dichotomi.
671 706 817 739 Articuli
843 706 1030 740 interiores
1057 706 1228 739 diametro
1256 706 1451 748 quadruplo
1478 706 1666 750 longiores,
1700 717 1762 740 su-

218 763 428 802 perioresin
444 765 587 798 ramulis
610 765 758 797 eandem
782 767 966 798 servantes
992 765 1260 807 longitudinem,
1286 765 1320 796 in
1347 764 1491 797 rachide
1517 765 1762 807 corymborum

220 821 329 853 multo
370 821 566 855 breviores.
616 822 883 865 Sphaerosporae
918 823 1115 857 rotundatae
1143 823 1315 863 triangule
1342 823 1478 866 divisae,
1507 823 1551 855 ad
1576 823 1700 855 axillas
1727 825 1762 854 et

217 879 313 911 inter
349 888 466 913 ramos
503 883 706 923 superiores
733 891 881 923 sparsae.
929 882 1078 915 Favellae
1105 882 1303 915 rotundatas
1329 882 1576 916 subaxillares.
1625 882 1761 914 Anthe-

221 937 308 970 ridia
335 938 379 971 ad
403 938 512 972 latera
539 940 761 972 ramellorum
787 940 1079 973 subsecundatim
1106 942 1308 981 aggregata.

313 995 457 1037 Species
490 1000 672 1040 praecipue
698 999 952 1031 ramificatione
978 998 1113 1030 laterali
1140 1000 1175 1030 et
1200 997 1360 1031 caulibus
1387 998 1622 1031 crassioribus
1650 997 1761 1030 corti-

221 1057 311 1088 catis
337 1065 355 1088 a
381 1055 420 1089 C.
447 1056 657 1098 corymboso
684 1057 863 1090 distincta.
911 1058 950 1089 A.
979 1056 1015 1090 C.
1043 1055 1286 1098 Seircspermo
1315 1064 1385 1088 non
1410 1057 1479 1088 nisi
1502 1054 1674 1087 fructibus
1691 1053 1761 1086 dit-

218 1113 297 1146 sert.
333 1113 454 1146 Utrum
480 1123 602 1147 revera
628 1116 662 1147 in
687 1115 863 1147 Atlantico
890 1115 1066 1158 obveniat,
1092 1116 1131 1146 ut
1157 1122 1201 1146 ex
1226 1122 1348 1155 synon.
1374 1113 1645 1146 Bonnemaisoni
1672 1121 1760 1146 con-

218 1171 361 1204 cludere
386 1173 502 1216 liceat,
530 1182 572 1205 an
596 1173 736 1215 species
762 1173 1020 1206 mediterranea
1046 1173 1103 1213 sit,
1133 1171 1327 1211 dijudicare
1352 1181 1423 1204 non
1449 1173 1574 1205 audeo.
1632 1172 1760 1214 Speci-

217 1231 311 1262 mina
338 1231 503 1264 atlantica
529 1240 608 1264 cum
635 1231 671 1263 C.
700 1231 848 1264 Gailloni
863 1231 1063 1263 accuratius
1080 1230 1317 1272 comparanda
1331 1230 1505 1263 videntur.
1534 1230 1758 1273 Synonymon

216 1286 362 1329 Naegelii
398 1288 466 1322 hoc
499 1290 579 1323 loc-0
606 1290 717 1333 attuli,
743 1290 827 1322 licet
852 1289 988 1323 savellae
1016 1289 1208 1331 descriptae
1233 1289 1280 1322 ad
1305 1288 1341 1321 C.
1366 1289 1555 1331 Byssoidcs
1580 1290 1758 1330 pertinere

217 1345 414 1380 videantur.

219 1451 280 1490 40.
311 1456 349 1491 C.
381 1456 649 1493 Samosrssnuuii
678 1450 823 1505 [Griff.
855 1458 996 1500 mser.)
1029 1455 1168 1493 fronde
1200 1454 1450 1493 erectiuscula
1492 1455 1637 1492 alterne
1682 1454 1756 1491 de-

328 1521 723 1570 composito-ramosa
769 1534 921 1560 sursum
966 1523 1082 1570 longe
1127 1522 1319 1573 cortIcata,
1365 1521 1480 1559 ramis
1525 1521 1756 1569 ramulisque

325 1600 638 1638 quoquoversum
669 1590 968 1640 egredientibus,
1000 1590 1154 1628 ramulis
1185 1590 1223 1627 in
1257 1601 1362 1627 ramo
1394 1590 1633 1627 cauleseente
1661 1589 1756 1627 sub-

324 1657 510 1706 pinnatIm
555 1658 770 1708 dispositis,
809 1659 1073 1696 terminalibus
1110 1657 1557 1705 dicliotomo-sastigialis
1597 1660 1754 1695 erecto-

324 1725 541 1773 patentibus
586 1725 1085 1775 fasciculato-corymbosis,
1124 1726 1399 1774 spliaerosporis
1429 1726 1568 1774 sparsis
1600 1725 1754 1774 pedun-

326 1793 457 1831 culatis
488 1793 683 1832 cruciatim
715 1793 855 1842 divisis,
888 1794 1118 1842 seirosporis
1150 1794 1188 1831 in
1220 1793 1400 1840 corymbo
1432 1792 1705 1830 terminalibus.

305 1879 441 1912 Callith.
467 1882 743 1923 seirospermum
771 1878 869 1924 Griff.
896 1882 1021 1915 τηεογ]
1043 1881 1151 1915 Harv.
1178 1881 1275 1916 Man.
1297 1892 1334 1926 p.
1362 1883 1439 1915 443.
1465 1880 1608 1915 Aresclz.
1625 1881 1751 1915 Enum.

208 1945 244 1979 p.
272 1938 349 1970 408.

305 1995 620 2032 Phlebotbamnion
646 1999 923 2040 seirospermum
948 1997 1051 2031 Kritz.
1078 2007 1129 2042 sp.
1154 2008 1190 2041 p.
1217 1999 1302 2032 657!

305 2053 340 2086 C.
367 2055 560 2088 versicolor
583 2061 616 2097 β.
643 2057 919 2098 seirospermum
945 2055 1054 2089 Harv.
1081 2057 1117 2089 in
1143 2056 1252 2091 Hoolc.
1277 2055 1406 2090 Journ.
1430 2055 1460 2089 I.
1481 2066 1518 2100 p.
1544 2057 1622 2091 30⁶3.

307 2111 511 2154 Seirospora
541 2113 781 2147 Griffithsiana
808 2114 915 2147 llarv.
943 2114 1045 2157 Pliyc.
1072 2112 1163 2147 Brit.
1190 2114 1260 2147 tab.
1286 2113 1385 2147 ΧΧΙΙ
1406 2113 1510 2148 Isucz.
1536 2124 1588 2158 sp.
1610 2125 1645 2158 p.
1672 2116 1749 2148 896.

306 2168 343 2201 C.
370 2170 640 2213 corymbosum?
666 2170 817 2205 Decsne.
844 2171 955 2205 Class.
983 2171 1052 2206 tab.
1082 2173 1122 2204 46
1144 2170 1202 2215 fiq.
1230 2172 1264 2204 l!

304 2228 444 2261 Exsicc.
478 2227 589 2271 Wyatt
614 2228 742 2263 Danm.
767 2229 834 2264 N.·0
861 2232 915 2263 49.

236 2386 312 2418 393.
339 2385 375 2419 C.
402 2394 603 2420 niessscms
630 2384 807 2428 (Zonard.
835 2387 912 2420 dell.
940 2386 1076 2421 Callilh.
1099 2396 1132 2430 p.
1163 2390 1223 2430 44)
1258 2387 1345 2421 ”tilis
1371 2389 1622 2421 ramosissimis
1648 2389 1749 2420 lano-

340 2446 390 2478 sis
415 2445 654 2486 rigidiusculis
680 2445 757 2478 basi
783 2447 936 2479 setaceis
963 2447 1060 2479 fibris
1088 2447 1358 2480 decurrentibus
1385 2448 1533 2489 vestitis,
1566 2447 1666 2487 apice
1693 2448 1748 2477 te-

339 2504 520 2536 nuissimis
547 2512 642 2545 saepe
667 2503 815 2545 piliferis
843 2505 1245 2547 divaricata-fastigiatis
1272 2505 1577 2548 subcorymbosis3
1613 2506 1747 2538 articu-

339 2561 382 2594 lis
410 2562 580 2594 diametro
608 2561 872 2604 subquadruplo
898 2563 1130 2603 longioribus.

339 2618 425 2652 Hah.
453 2618 606 2652 venetiis
634 2621 677 2653 ad
704 2621 803 2653 littus
830 2621 1011 2662 rejectum.

339 2676 376 2709 C.
403 2678 606 2712 versicolori
634 2678 749 2721 affine,
776 2681 891 2711 tamen
913 2667 1108 2721 diversum,
1138 2679 1363 2720 distinguitur
1389 2677 1522 2711 frondis
1556 2679 1744 2723 rigiditate,

210 2732 354 2766 ramulis
393 2735 524 2769 ultimis
564 2737 783 2770 tenuioribus
821 2738 969 2779 piliseris
1001 2738 1383 2778 divaricato-expansis
1410 2737 1601 2771 rarioribus
1625 2739 1744 2780 potius

210 2800 315 2833 «cluam
352 2792 460 2825 dense
499 2794 982 2836 approximato-sasciculatis
1021 2798 1060 2828 ut
1098 2796 1133 2828 in
1159 2804 1212 2837 eo,
1240 2795 1397 2828 articulis
1424 2797 1580 2836 margine
1606 2796 1742 2838 hyalino

211 2849 454 2892 circumdatis,
476 2852 593 2884 colore
619 2853 747 2892 pallide
774 2862 876 2885 roseo
904 2862 1091 2895 numquam
1118 2851 1328 2892 variegato.”
