1907 3004
274 105 295 145 1
306 105 331 143 7
341 104 367 142 4
900 86 1189 129 CRYPTONEMEAE.
1507 74 1811 134 Schizymem'a.

273 234 337 272 tes,
363 222 662 265 longitudinaliter
687 220 794 263 fissae,
821 226 916 260 saepe
943 216 1180 256 subdigitatae.
1227 211 1379 245 Laciniae
1407 217 1499 242 nunc
1524 206 1813 250 simpliciusculse

275 286 497 327 angustiores
524 285 560 314 et
585 280 658 312 sere
685 280 846 320 lineares,
875 282 967 308 nunc
994 275 1166 315 cuneatae,
1194 270 1435 312 ‘2—4pollices
1461 267 1553 310 latae,
1582 266 1814 308 4-e-‘2pedales

274 343 503 384 longitudine,
520 342 624 382 atque
639 338 686 370 ita
713 344 846 369 crassae
872 335 910 367 ut
935 333 1126 365 exsiccatae
1153 330 1372 363 semilineam
1398 326 1540 368 aequent
1561 326 1596 358 et
1620 325 1726 357 immo
1755 333 1817 355 su-

275 403 411 444 perent.
469 398 696 440 Cystocarpia
735 394 892 427 maculas
936 390 1105 424 informes
1141 390 1253 431 partis
1292 385 1486 428 superioris
1515 383 1691 416 frondium
1718 381 1816 423 (hinc

276 460 385 493 multo
412 455 617 495 crassioris)
645 455 832 496 occupant,
860 450 1001 483 caeteris
1027 450 1061 481 in
1086 447 1154 480 hoc
1187 454 1315 487 genere
1351 442 1490 485 similia,
1517 440 1702 482 simplicia,
1730 437 1820 470 infra

278 518 428 550 stratum
467 515 650 547 externum
689 511 950 544 crassissimum
985 506 1190 548 niduiantia,
1218 502 1440 536 densissima.
1490 499 1592 532 Color
1618 507 1711 531 nunc
1738 505 1819 529 car-

279 573 574 614 neo-coccineus,
610 578 704 603 nunc
742 568 915 601 intensior
951 565 1103 598 obscure
1142 569 1343 604 purpureus
1378 561 1423 600 et,
1460 558 1526 590 nisi
1553 557 1621 590 luci
1649 555 1821 597 objectus,

280 630 353 663 fere
392 631 609 670 nigrescens.
671 626 876 660 Substantia
913 622 1111 656 madefacta
1149 620 1277 653 eximie
1316 625 1463 650 carnosa
1502 618 1537 648 et
1568 624 1693 658 aquam
1721 613 1821 646 avide

280 688 474 731 imbibens,
500 689 693 721 exsiccatae
721 686 883 718 coriacea
909 680 1219 720 subcartilaginea.

378 746 525 788 Species
562 746 654 778 inter
692 752 814 777 omnes
856 740 1126 774 distinctissime
1162 737 1336 779 crassitie,
1374 734 1607 775 fragmentum
1641 732 1726 765 corii
1752 729 1824 762 sere

282 805 451 848 referens,
490 804 755 847 Sarcopbycum
789 802 879 834 inter
917 799 1156 832 Laminarieas
1194 795 1376 838 aemulans,
1403 793 1579 826 structura
1606 799 1675 823 non
1702 788 1826 822 admo-

285 863 366 897 dum
394 862 618 896 abhorrente.

444 1025 487 1060 ll.
519 1019 702 1062 Fanellis
727 1029 806 1071 per
838 1021 969 1060 totam
997 1016 1090 1069 fere
1118 1013 1311 1066 frondem
1342 1020 1457 1064 teque
1487 1009 1667 1060 sparsis.

291 1127 719 1166 (3.SCH.MERTEN81ANA
752 1122 876 1167 (Post.
921 1124 959 1158 ec
1001 1120 1124 1166 Rupr.
1171 1117 1324 1154 Illuser.
1368 1114 1451 1161 Alq.
1495 1125 1531 1160 p.
1582 1111 1649 1157 48)
1693 1109 1832 1147 fronde

402 1191 608 1241 sanguinea
646 1189 1134 1227 membranaceo-carnosa
1173 1183 1297 1222 sessili
1336 1180 1552 1219 umbilieata
1583 1186 1833 1226 quoquover-

402 1271 484 1298 sum
517 1269 680 1307 expansa
712 1255 892 1294 latissima
924 1252 1274 1300 undutato-piicata
1305 1249 1472 1299 sinuosa,
1504 1244 1748 1294 cystonarpiis
1766 1252 1835 1292 per

405 1330 524 1365 totam
558 1323 734 1363 frondem
768 1321 825 1371 [¹3]
857 1333 964 1371 aeque
996 1320 1146 1370 sparsis.

386 1403 430 1436 Ir.
472 1403 708 1436 Mertensiana
747 1400 840 1434 Post.
878 1400 912 1432 et
950 1397 1059 1441 Rupr.
1099 1397 1120 1430 l.
1159 1406 1188 1429 c.
1227 1393 1295 1428 tab.
1334 1391 1514 1426 XXXIIIJJ
1547 1390 1650 1425 Ji‘mz.
1682 1387 1739 1432 Sp.
1765 1385 1837 1430 Alq.

289 1475 325 1509 p.
354 1463 437 1495 727!

406 1533 496 1572 Ilab.
530 1532 567 1571 iu
599 1542 747 1570 oceano
780 1529 937 1580 pacifico
970 1526 1117 1566 boreali
1161 1525 1207 1564 ad
1250 1525 1377 1562 littora
1417 1520 1682 1560 Kamtscliatkoe
1726 1517 1839 1564 (Lat-

298 1603 385 1650 liet)

393 1677 548 1711 Frondes
574 1683 788 1719 permagnae,
815 1682 913 1715 saepe
939 1671 1123 1715 bipedales
1151 1672 1185 1703 et
1210 1669 1314 1711 ultra,
1341 1668 1463 1699 centro
1490 1664 1695 1698 umbilicato
1723 1661 1840 1695 affixas

300 1739 335 1771 et
360 1738 407 1770 ita
436 1737 576 1768 omnino
604 1734 761 1776 sessiles,
795 1732 969 1774 (juniores
1007 1730 1125 1762 forsan
1151 1726 1378 1767 reniformes)
1407 1729 1692 1766 quoquoversum
1718 1720 1845 1752 exten-

301 1806 362 1840 sae,
390 1795 522 1827 ambitu
555 1793 743 1826 rotundato
774 1792 915 1834 plicatae
943 1791 977 1822 et
1006 1790 1172 1830 sinuosae,
1198 1788 1304 1819 immo
1333 1783 1475 1825 lobatae,
1500 1781 1590 1813 lobis
1617 1779 1752 1819 maguis
1780 1776 1845 1808 ob-

302 1855 402 1887 tusis.
468 1853 672 1885 Substantia
710 1858 876 1892 carnosa,
916 1849 1108 1880 exsiccata}
1146 1843 1417 1877 membranacea
1455 1844 1680 1879 pergamena.
1743 1833 1846 1865 Color

304 1909 376 1942 sere
414 1910 629 1949 sanguineus
668 1910 727 1940 aut
764 1906 906 1939 sordide
947 1914 1112 1946 carneus,
1151 1902 1281 1943 plantae
1320 1897 1442 1931 senilis
1481 1897 1587 1928 immo
1626 1892 1845 1925 suscescens.

305 1967 533 2009 Cystocarpia
572 1965 814 2006 magnitudine
854 1963 927 1995 fere
965 1963 1104 1995 illorum
1136 1960 1216 1993 Sch.
1245 1958 1370 2000 edulis,
1396 1965 1460 1999 per
1487 1953 1682 1993 fragmenta
1709 1949 1848 1990 fertilia,

306 2034 324 2058 a
350 2034 404 2057 me
431 2025 515 2067 visa,
543 2024 650 2057 dense
676 2031 812 2064 sparsa.
863 2022 1049 2063 Specimen
1078 2021 1252 2060 integrum
1278 2017 1409 2058 plantae
1432 2013 1582 2056 junioris
1605 2009 1849 2049 etfragmenta

305 2083 444 2125 pedalia
470 2082 602 2123 plantae
629 2081 757 2114 adultae
785 2082 820 2113 et
846 2080 967 2113 senilis
994 2077 1232 2111 describenda
1258 2083 1377 2109 coram
1405 2072 1516 2105 oculis
1542 2069 1660 2101 habui.

309 2197 344 2238 7.
375 2202 454 2237 Seu.
489 2202 630 2237 BiNDERI
664 2197 718 2244 [J.
750 2196 818 2244 Ay.
852 2192 996 2246 mser.)
1039 2192 1175 2230 fronde
1213 2184 1611 2240 purpui‘eo-liepatica
1656 2178 1853 2218 membra-

420 2276 729 2303 naceo-carnosa
761 2263 897 2313 sessili,
929 2274 948 2299 a
980 2259 1273 2298 discorzidicali
1305 2255 1445 2294 sensim
1466 2252 1658 2290 cuneatim
1677 2258 1853 2297 expansa,

421 2344 589 2382 superne
635 2331 814 2370 latissima
859 2329 1032 2378 obovata,
1071 2338 1162 2375 vage
1194 2321 1524 2373 longitudinaliter
1554 2319 1650 2367 fissa,
1682 2312 1854 2361 margine

424 2399 774 2449 undulato—erispa,
815 2394 1059 2444 cystoearpiis
1099 2393 1255 2431 minutis
1296 2402 1365 2440 per
1397 2392 1514 2427 totam
1545 2383 1724 2424 frondem
1754 2380 1856 2417 den-

426 2467 576 2504 sissime
607 2466 756 2518 sparsis.

409 2543 531 2577 Iridaea
557 2544 696 2578 Biaderi
721 2542 754 2575 J.
781 2541 838 2587 Ay.
865 2549 973 2575 mser.
1000 2541 1037 2573 z'n
1062 2537 1124 2572 Hb.
1151 2534 1314 2574 Binder.;
1339 2531 1442 2566 Ix'z'c'lz.
1470 2538 1521 2572 sp.
1547 2526 1617 2570 Δίῃ.
1641 2535 1675 2569 p.
1707 2522 1787 2556 7¹27!

428 2615 515 2654 llab.
550 2616 587 2653 in
620 2625 767 2654 oceano
799 2613 957 2662 pacifico
990 2620 1110 2661 prope
1143 2604 1355 2655 Valpaffliso
1390 2600 1474 2649 (ΙΙΙ).
1506 2597 1681 2641 Biaderl)

411 2690 521 2724 FFOUS
549 2691 776 2735 ‘t—Qpedalis
810 2691 845 2723 et
878 2696 1030 2731 superne
1070 2685 1198 2727 pedem
1234 2681 1314 2722 lata,
1340 2673 1718 2720 purpureo-hepatica,
1746 2677 1859 2702 mem-

317 2750 682 2793 branaceo-carnosa,
707 2750 836 2792 plicata
864 2749 899 2780 et
925 2753 1064 2787 rugosa,
1091 2741 1319 2781 margineque
1346 2735 1532 2775 undulata,
1565 2730 1761 2765 madefacta
1789 2727 1861 2759 fra-

320 2810 398 2850 gilis
436 2812 471 2842 et
503 2809 669 2842 facillime
697 2809 730 2841 in
758 2808 953 2847 fragmenta
980 2802 1170 2837 dilacerata
1196 2800 1258 2839 (an
1284 2796 1350 2828 hoc
1376 2796 1512 2827 tantum
1539 2788 1779 2824 exsiccatione
1807 2784 1861 2816 vi-

321 2870 474 2912 tiosa‘?)·,
507 2878 524 2903 a
553 2869 671 2902 radice
697 2868 834 2900 scutata
861 2873 942 2897 mox
969 2859 1146 2895 cuneatim
1174 2855 1395 2898 expanditur,
1418 2851 1549 2885 ambitu
1565 2848 1674 2882 totius
1689 2844 1861 2878 euocato-
