1907 3004
67 46 339 92 Furcellaria.
682 48 971 91 (Im·t¹'rONEME„E.
1509 52 1529 92 1
1541 54 1566 93 9
1576 52 1601 92 5

65 181 278 219 minoribus
311 181 347 218 in
381 181 436 218 fila
469 180 732 219 subverticalia
765 182 1036 220 monilisormia
1062 182 1602 234 conjunctiS,endocliromate

64 250 246 287 minutius
278 252 481 297 granuloso
515 248 653 299 sarctis,
686 253 916 288 contextum.

175 319 330 354 Fructus
374 316 572 364 utriusque
625 317 776 364 generis
823 317 858 353 in
904 318 1073 366 apicibus
1121 318 1316 368 siliquosis
1361 319 1600 359 diversorum

65 383 346 420 individuorum
378 383 555 421 demersi.
616 384 769 421 FavellaJ
802 384 838 420 in
872 385 1008 433 cryptis
1038 386 1139 422 strati
1175 387 1390 424 intermedii
1417 388 1601 424 excavatis

63 452 290 501 simulantes,
321 451 410 488 satis
454 452 599 500 amptae,
645 452 782 488 nucleo
828 452 1062 501 subsimplici
1104 454 1221 491 laxius
1253 456 1469 493 cohaerente
1501 467 1601 492 con-

61 524 220 566 stantes3
251 518 519 556 secedentibus
550 518 620 555 lilis
650 519 753 555 strati
784 519 998 570 exterioris,
1030 521 1234 567 gemmidia
1259 534 1393 570 magna
1414 524 1600 573 angulata,

62 597 82 622 a
114 585 259 622 cellulis
294 585 569 623 transformatis
601 587 703 623 strati
734 586 851 623 medii
884 589 979 635 orta,
1009 587 1265 625 solidescente
1297 600 1410 626 muco
1435 590 1598 626 invicem

62 652 245 701 sejuncta,
277 664 345 700 per
375 654 545 690 canalem
576 654 748 702 pervium
781 654 1017 702 emittentes;
1052 654 1334 699 (membranam
1366 655 1600 694 ambientem

62 717 202 754 savellae
235 730 312 756 non
345 719 452 767 vidi).

168 785 445 834 Spliaerosporae
490 786 526 823 in
573 788 688 823 strato
733 788 892 822 externo
924 785 1123 835 dem‘ersae,
1154 787 1223 824 filis
1255 788 1495 827 verticalibus
1527 802 1599 839 pe-

58 850 250 889 culiariter
294 853 453 890 evolutis
483 853 639 901 stipatae,
680 852 851 900 plurimae
894 852 1177 905 adproximatae,
1217 865 1378 906 magum,
1422 856 1597 905 oblonga)

57 923 120 958 aut
147 919 385 969 pyrisormes,
418 919 665 967 irregularius
695 920 858 957 zonatim
891 920 1029 958 divisae.

166 988 291 1024 Genus
330 987 407 1034 jam
447 986 512 1023 diu
553 987 765 1037 fundatum,
805 988 863 1025 vix
905 991 1032 1026 tamen
1064 991 1151 1026 ante
1185 988 1358 1026 ultimum
1391 990 1462 1027 boe
1494 993 1597 1028 tem-

57 1065 124 1102 pus
167 1054 292 1102 quoad
333 1055 476 1091 fructus
520 1054 728 1105 cognitum,
771 1055 887 1093 immo
930 1056 967 1092 in
1013 1056 1212 1105 splendida
1244 1058 1467 1105 Pliycologia
1500 1061 1598 1096 llar-

55 1132 194 1168 veyana
239 1121 366 1159 sterile
410 1124 473 1159 aut
518 1122 700 1160 fructibus
738 1122 899 1160 nimium
933 1124 1143 1161 immaturis
1173 1124 1381 1173 depictum.
1441 1129 1598 1163 Fructus

53 1192 218 1226 attamen
248 1201 266 1227 a
299 1189 469 1238 pluribus
515 1189 736 1228 observatos
782 1190 912 1241 fuisse,
957 1191 1071 1228 hodie
1116 1191 1337 1240 perspicere
1385 1192 1483 1230 licet.
1557 1193 1615 1231 ln>

54 1257 199 1304 siliquis
247 1257 388 1295 fructus
431 1257 630 1295 demersos
674 1268 758 1294 esse
803 1269 937 1295 omnes
984 1259 1063 1295 sere
1115 1262 1369 1308 augurarunt3
1427 1260 1595 1299 indolem

55 1327 182 1361 autem
226 1324 345 1373 ipsam
389 1324 446 1362 vix
485 1324 556 1362 sibi
596 1324 785 1373 cognitam
825 1325 1049 1363 babuerunt.
1110 1326 1399 1374 Sphaerosporas
1430 1327 1595 1364 zonatim

55 1390 190 1427 divisas
217 1391 294 1438 jam
327 1391 503 1429 viderunt
533 1395 740 1442 Turnerus,
771 1392 990 1440 Lyngbyeus
1021 1396 1058 1430 et
1074 1393 1303 1445 Delapylaie,
1320 1394 1385 1431 sed
1405 1395 1595 1442 ejusmodi

55 1457 239 1495 fructibus
288 1458 325 1496 in
371 1459 475 1496 nulla
519 1459 589 1496 alia
633 1460 758 1508 planta
803 1461 977 1511 cognitis,
1018 1460 1234 1509 observa-tio
1266 1474 1285 1499 a
1318 1461 1596 1510 posterioribus

54 1526 304 1573 praetermissa
345 1526 429 1575 suit3
467 1526 671 1574 Agardliius
703 1531 741 1563 et
770 1528 932 1564 Greville
963 1529 1245 1576 spliaerosporas
1276 1532 1420 1566 tantum
1454 1530 1595 1567 imma-

53 1596 154 1629 turas
194 1596 232 1630 et
271 1592 441 1630 nondum
487 1593 623 1630 divisas
664 1593 849 1631 viderunt.
910 1597 991 1643 lpse
1023 1595 1060 1631 ni
1093 1595 1203 1632 sallor
1233 1596 1378 1644 primus
1411 1596 1526 1641 [Ado.
1556 1608 1594 1644 p.

54 1657 128 1704 36)
169 1659 521 1708 spliaerosporarum
553 1660 736 1710 indolem,
769 1662 919 1709 qualem
952 1672 1108 1710 quoque
1141 1661 1231 1699 vidit
1261 1664 1490 1714 Aresclioug,
1522 1675 1593 1701 ex-

52 1725 175 1774 posui.

163 1793 402 1842 Cystocarpia
444 1794 648 1842 Agardliius
692 1795 837 1844 primus
892 1795 1116 1834 observasse
1168 1796 1327 1835 videtur.
1411 1797 1594 1835 Decaisne

52 1860 141 1898 dein
173 1858 367 1911 [Classis.
396 1873 434 1909 p.
468 1860 542 1909 70)
574 1862 706 1899 eadem
739 1862 954 1914 descripsit,
983 1864 1048 1901 sed
1067 1864 1374 1901 antecedentium
1393 1867 1593 1902 auctorum

53 1927 352 1979 observationes,
388 1929 436 1966 de
474 1930 748 1978 spliserosporis
790 1930 991 1980 institutas,
1032 1931 1077 1967 ad
1116 1942 1203 1968 suas
1234 1931 1479 1969 conformare
1509 1934 1593 1968 stu-

51 1995 159 2046 dens,
204 1996 320 2045 ipsius
365 1995 573 2045 descriptio
616 1997 744 2034 minus
790 1998 889 2035 clai-a
931 1998 1048 2036 evasit
1086 2009 1200 2046 quam
1233 2010 1292 2036 res
1324 1998 1484 2036 obscura
1517 2010 1593 2047 po-

51 2063 254 2100 stulaverit.
325 2064 541 2112 Aresclioug
580 2064 740 2109 [Enum.
777 2076 815 2113 p.
849 2063 922 2112 87)
955 2065 1046 2103 dein
1077 2066 1326 2117 cystocarpia,
1356 2067 1481 2115 qualia
1514 2066 1593 2116 ipse

53 2140 208 2177 quoque
240 2130 327 2181 vidi,
358 2130 455 2168 bene
485 2131 692 2171 illustravit.

162 2196 388 2248 Tubercula,
425 2198 549 2246 qualia
591 2199 628 2235 in
666 2199 794 2237 multis
833 2200 1018 2238 Florideis
1051 2200 1275 2247 obveniunt,
1306 2212 1324 2237 a
1358 2200 1473 2237 ramis
1503 2209 1592 2237 ver-

55 2274 189 2300 rucose
235 2266 497 2315 erumpentia,
543 2265 793 2303 observarunt
836 2267 1001 2315 plurimi.
1074 2267 1387 2305 Fructilicationis
1429 2266 1591 2314 quadani

54 2330 249 2367 functione
289 2331 407 2380 fungi,
445 2330 509 2367 diu
549 2331 814 2382 crediderunt,
854 2334 1001 2371 nullum
1043 2344 1133 2372 vero
1178 2334 1339 2371 fructum
1380 2333 1435 2370 liis
1467 2332 1592 2369 inesse

53 2396 141 2433 milii
176 2396 324 2434 videtur
353 2397 611 2446 perspicuum.

164 2462 295 2501 Indole
341 2464 482 2501 tructus
527 2475 661 2513 parum
704 2468 915 2516 perspecta,
954 2477 1073 2514 genus
1105 2467 1231 2515 quoad
1263 2467 1480 2504 affinitatem
1525 2465 1591 2502 diu

52 2530 209 2568 dubium
254 2531 402 2569 mansit.
476 2535 714 2570 Lamouroux
755 2536 792 2569 et
835 2533 991 2583 Agardb,
1024 2533 1073 2570 ob
1105 2534 1247 2570 fructus
1280 2533 1316 2569 in
1349 2532 1495 2580 siliquis
1526 2533 1591 2569 ni-

51 2598 236 2648 dulantes,
281 2600 408 2636 Genus
448 2599 625 2636 Fucaceis
668 2599 982 2648 adnumerarunt,
1027 2610 1103 2647 quo
1150 2601 1234 2636 loco
1274 2599 1589 2647 contemporanei

55 2665 134 2701 tere
180 2676 316 2702 omnes
361 2665 451 2702 illud
498 2666 750 2704 retinuerunt.
824 2666 986 2703 Greville
1034 2666 1213 2703 familiam
1244 2666 1453 2716 propriam,
1491 2666 1591 2703 inter

52 2731 259 2769 Fucoideas
312 2732 642 2781 Spongiocarpeas
688 2735 724 2769 et
769 2731 961 2769 l-'lorideas
1014 2732 1304 2783 intermediam,
1354 2733 1589 2770 Furcellariae

53 2797 232 2836 fundavit.
301 2800 483 2838 Decaisne
523 2800 561 2837 in
601 2798 762 2837 eandem
811 2799 989 2837 familiam
1029 2799 1289 2837 Floridearum
1320 2799 1588 2837 l·‘urcellariam

1399 2864 1457 2896 213*
