1907 3004
239 126 329 167 126
894 121 1103 164 Grumum.
1520 122 1772 170 Ceremiam.

234 257 373 288 nomina
400 254 564 295 primaria
590 252 773 294 utriusque
799 252 928 294 plantae
956 255 1179 294 permutavit.
1230 254 1290 288 Est
1317 256 1406 287 enim
1425 256 1542 297 planta
1561 255 1771 299 Lightfootii,

234 314 348 356 quoad
376 312 661 353 descriptionem,
689 311 731 343 ad
757 311 833 344 Cer.
861 311 1073 353 diaphanum
1106 311 1213 346 Ηαιύ.
1244 312 1345 356 Phyc.
1373 313 1442 347 lab.
1472 315 1534 347 493
1562 316 1638 348 sine
1666 316 1772 348 dubio

233 370 426 403 reserenda.
487 367 569 401 loon
606 368 654 400 Fl.
690 368 811 401 Dauize
844 377 969 410 parum
997 369 1301 415 characteristica,
1329 372 1503 415 Lyngbyei
1532 382 1601 406 non
1628 376 1772 417 optima,

231 429 276 461 ob
303 428 445 460 tavellas
484 437 565 460 vero
604 429 700 460 certe
741 427 808 460 huc
849 428 1042 461 reserenda.
1104 428 1277 472 Dillwynii
1318 432 1458 464 caeteris
1486 432 1618 476 melior,
1650 434 1771 474 utpote

231 496 309 529 quae
336 486 421 519 nihil
448 487 581 528 speciei
610 488 824 519 contrarium
853 486 1030 520 exhibeat.
1083 487 1227 531 Harveyi
1256 490 1399 530 optima.

324 567 581 600 Hormoceras‘?
608 567 822 609 pulchellum
862 566 964 601 Ii'ulz.
1004 568 1097 600 nulla
1136 570 1317 602 essentiali
1357 573 1438 603 nota
1477 572 1654 605 diversum
1689 571 1771 604 mihi

231 627 379 661 ridetur.
430 627 648 659 Ramilicatio
676 627 811 669 eadem,
851 628 916 659 nisi
957 627 1042 659 rami
1071 626 1188 659 forsan
1215 628 1319 669 paulo
1346 630 1582 671 patentiores,
1609 629 1771 671 sphael‘o-

231 694 346 728 sporae
385 686 531 728 eoedem,
569 685 754 718 inferiores
795 685 949 726 simplici
988 686 1079 717 serie
1107 686 1337 728 verticillatre,
1365 688 1565 728 superiores
1594 689 1770 721 exteriore

230 745 443 778 ramulorum
471 745 579 777 latere
605 753 741 787 paucoe,
781 753 878 785 saepe
916 743 959 775 ad
993 743 1154 784 genicula
1189 745 1326 785 singula
1352 745 1532 788 solitaria‘,
1564 746 1619 785 (ut
1644 745 1709 777 hoc
1737 746 1772 777 in

230 804 307 835 aliis
346 813 485 845 quoque
525 803 714 845 speciebus
754 802 855 844 hujus
893 803 1064 835 sectionis
1103 802 1276 846 obtinet),
1314 803 1449 836 savellae
1481 805 1514 836 in
1542 804 1672 836 nostris
1700 803 1772 835 l'ere

231 861 370 894 effoetae
397 864 432 894 et
459 861 539 894 hinc
578 861 730 894 famellis
769 861 872 902 paulo
911 861 1130 902 longioribus
1162 862 1464 903 (increscentibus
1502 863 1665 895 nimirum
1692 863 1773 903 post

229 919 366 960 lapsum
395 918 616 963 favellarum)
645 920 887 953 involucratze.

271 1102 307 1141 2.
337 1102 470 1143 Frons
502 1103 689 1152 inermis,
723 1101 778 1142 ad
803 1102 997 1152 yenit-ula
1027 1106 1164 1142 stralo
1197 1103 1387 1142 corlicale'
1419 1102 1662 1144 decurrente
1693 1107 1731 1143 et

475 1171 711 1211 interstitia
733 1169 835 1220 plus
866 1171 1005 1210 ‘nze‘nns
1038 1169 1266 1211 obducente
1296 1171 1518 1211 instructa.

234 1299 247 1336 l
268 1298 293 1336 Ι.
326 1301 406 1337 Cea.
438 1306 669 1336 ClRfflNNATUM
701 1294 844 1347 [Ii'zicz.
878 1299 920 1334 in
951 1296 1066 1335 Litm.
1101 1296 1124 1335 l.
1158 1308 1190 1335 c.
1220 1309 1258 1345 p.
1299 1294 1400 1343 733)
1443 1298 1577 1336 fronde
1620 1303 1769 1338 setacea

339 1366 636 1414 subregulariter
666 1365 883 1403 dichotoma
917 1366 1112 1416 fastigiata,
1143 1366 1349 1414 segmentis
1381 1368 1770 1417 erecto-patentibus,

339 1433 601 1471 terminalibus
632 1433 826 1482 sorcipatis
858 1434 965 1482 apice
999 1434 1175 1483 incurvis,
1206 1434 1372 1471 articulis
1406 1434 1653 1472 inferioribus
1682 1435 1769 1473 dia-

337 1505 460 1538 metro
497 1499 729 1551 l½—21›lo
761 1501 1011 1551 longioribus,
1051 1502 1261 1539 interstitiis
1292 1502 1491 1551 pellucidis
1523 1503 1769 1541 decurrenti-

338 1569 529 1606 corticatis
573 1580 688 1606 zonas
735 1569 975 1617 longitudine
1011 1569 1261 1620 aequantibus,
1301 1570 1576 1620 sphaerosporis
1608 1571 1768 1621 simplici

339 1636 438 1674 serie
471 1637 568 1675 circa
601 1637 774 1685 genicula
807 1636 1050 1686 veruculatis,
1084 1637 1236 1675 [avellis.
1270 1666 1277 1674 .
1311 1668 1318 1675 .

319 1724 551 1758 Hormoceras
579 1726 811 1759 circinnatum
838 1724 940 1759 Ii'z't'lz.
966 1724 987 1758 l.
1015 1735 1044 1758 c.
1071 1724 1128 1768 Sp.
1156 1725 1226 1769 Aly.
1248 1735 1283 1769 p.
1314 1727 1392 1759 675.

338 1808 425 1847 llab.
459 1809 495 1847 in
528 1813 680 1848 Oceano
714 1810 892 1847 atlantico
925 1810 968 1846 ad
1003 1809 1127 1846 littora
1157 1810 1314 1857 Angliae!
1347 1809 1767 1860 Gallizeletllispauize!

227 1876 264 1914 in
297 1877 389 1914 mari
422 1877 708 1915 mediterraneo
740 1878 785 1914 ad
820 1878 941 1914 littora
975 1876 1135 1914 Corsicae
1167 1876 1255 1921 (ΙΙΙ).
1286 1878 1491 1922 Mai-tensi)

320 1952 463 1995 Species
503 1954 594 1985 inter
631 1953 792 1994 majores,
833 1952 1119 1994 tsopolhoans,
1155 1953 1318 1985 crassitie
1345 1955 1456 1985 setam
1483 1953 1767 1995 quandoquidem

227 2020 410 2054 superanS,
448 2019 626 2053 purpureo
667 2014 702 2043 et
739 2011 876 2053 hyalino
914 2010 1063 2052 pulchre
1101 2012 1289 2054 variegata,
1327 2011 1533 2051 regulariter
1566 2011 1766 2044 dichotoma

227 2073 262 2102 et
298 2070 614 2112 proliiieationibus
652 2079 696 2102 ex
735 2070 909 2110 geniculis
948 2069 1211 2110 emergentibus
1250 2070 1384 2110 sparsis
1423 2078 1575 2102 ramosa.
1638 2071 1765 2112 Apices

221 2128 396 2170 juveniles
422 2129 549 2161 eximie
586 2127 760 2171 l‘orcipati,
794 2129 988 2161 adultiores
1018 2128 1170 2168 elongati
1198 2128 1413 2170 rectiusculi,
1441 2129 1540 2169 apice
1568 2129 1764 2162 incurvato.

226 2188 368 2220 Articuli
398 2196 465 2220 una
491 2188 645 2221 colorata
675 2189 709 2220 et
735 2188 843 2220 altera
872 2188 1046 2229 pellucida
1080 2189 1179 2229 parte
1222 2189 1439 2230 constantes,
1466 2186 1556 2219 linea
1586 2188 1766 2227 angustis-

225 2247 312 2278 sima
340 2246 432 2278 nuda
460 2248 554 2278 recta
582 2246 625 2278 ab
653 2247 810 2279 articulis
839 2245 962 2279 vicinis
989 2245 1157 2287 sejuncti,
1184 2255 1266 2287 pars
1293 2246 1449 2278 colorata
1477 2247 1586 2278 strato
1608 2246 1765 2278 cortic-dli

226 2305 379 2337 densiori
407 2305 563 2346 constat,
591 2305 728 2337 cellula*
764 2305 951 2338 corticales
978 2314 1022 2337 ex
1048 2304 1117 2339 hac,
1140 2304 1333 2337 decurrunt
1358 2305 1461 2337 lineis
1488 2305 1595 2336 rectis
1624 2306 1658 2336 et
1684 2313 1767 2346 par-

225 2366 295 2396 tem
332 2362 545 2404 pellucidam
582 2363 718 2396 articuli
759 2364 965 2396 tenuissimo
1005 2365 1115 2395 strato
1160 2362 1352 2396 obducunt.
1421 2361 1493 2395 Nec
1532 2365 1647 2395 tamen
1686 2372 1764 2396 cum

224 2424 334 2454 strato
373 2421 530 2454 cortioali
569 2421 706 2454 articuli
744 2420 920 2454 inferioris
960 2421 1237 2463 conjunguntur,
1279 2421 1343 2453 sed
1383 2421 1472 2453 linea
1515 2421 1764 2462 angustissima

225 2480 317 2512 nuda
343 2489 484 2522 semper
517 2480 561 2512 ah
596 2479 660 2513 hoc
688 2482 909 2522 separantur.
959 2480 1135 2512 Articulus
1163 2481 1238 2520 ipse
1266 2479 1495 2521 ellipsoideus
1523 2480 1557 2512 in
1584 2473 1763 2511 eksiccata

225 2540 259 2569 et
275 2538 481 2582 madefacta,
497 2539 618 2571 circuli
635 2539 676 2571 ad
695 2540 804 2571 instar
830 2539 995 2580 pellucidi
1011 2547 1074 2579 per
1099 2539 1247 2570 stratum
1276 2537 1443 2569 corticale
1471 2536 1682 2577 translucet,
1709 2537 1764 2568 in-

225 2597 374 2629 terstitia
412 2598 686 2630 intercellularia
724 2598 838 2640 ampla
879 2598 1046 2630 articulos
1074 2597 1268 2629 exteriores
1296 2594 1410 2628 reddit
1435 2594 1507 2627 sere
1535 2594 1760 2636 cylindricos.

225 2654 491 2696 Sliliaerosporie
528 2657 571 2689 ad
610 2657 770 2697 genicula
810 2656 973 2688 inferiora
1012 2656 1180 2698 evolutoe,
1228 2656 1319 2687 serie
1358 2653 1583 2686 transversali
1624 2653 1761 2693 singula

225 2714 317 2744 eirca
345 2717 481 2754 partem
507 2715 657 2755 geniculi
684 2717 903 2757 superiorem
930 2715 1122 2747 coloratam
1157 2715 1349 2755 dispositae,
1384 2720 1487 2754 quam
1513 2712 1547 2744 in
1573 2711 1650 2744 aliis
1678 2721 1763 2754 spe-

226 2772 347 2804 ciebus
376 2774 651 2816 numerosiores,
680 2775 828 2806 40-42.
879 2773 1034 2806 Favellas
1061 2783 1129 2806 non
1159 2772 1239 2804 vidi.

318 2852 401 2885 Cum
418 2854 537 2888 habitu
564 2855 639 2888 Cer.
667 2855 829 2897 diaphani
856 2855 1047 2887 Auctorem
1073 2854 1286 2885 structuram
1310 2850 1426 2892 jungit
1451 2849 1485 2883 C.
1513 2851 1619 2883 rubri.
1648 2850 1672 2882 A
1689 2850 1761 2882 sor-

226 2911 290 2943 mis
317 2920 397 2944 vero
424 2911 525 2953 hujus
553 2913 669 2945 differt
694 2914 785 2946 linea
811 2914 969 2956 angusta,
1004 2919 1071 2953 qua
1098 2911 1234 2944 articuli
1261 2918 1402 2951 semper
1429 2907 1578 2950 sejuncti
1607 2910 1759 2941 manent.

1748 2960 1777 2990 0
