1907 3004
79 83 408 128 Callitlzammon.
743 86 952 128 CERAMOEAE.
1549 90 1574 127 2
1583 90 1609 128 ἴ)

79 215 280 248 normaliter
305 213 468 255 oppositi,
502 212 623 244 abortu
653 215 764 245 rarius
791 215 913 246 alterni
941 218 1001 247 aut
1027 215 1184 247 secundi.
1236 214 1269 247 ln
1296 216 1331 248 C.
1359 216 1507 257 roscolo,
1525 218 1609 248 rami

80 283 155 309 raro
195 273 364 315 oppositi,
402 270 659 312 spliaerosporzu
696 281 829 313 sparsa}
866 274 964 315 sunt,
1004 282 1080 304 raro
1121 273 1210 305 bium
1238 274 1270 305 in
1297 274 1438 315 pinnula
1467 275 1611 315 minori3

79 332 244 372 caespites
281 330 470 371 tenuiores,
509 331 544 360 at
581 337 677 368 saepc
715 330 913 371 longiores,
945 331 1079 364 articuli
1115 340 1254 373 quoquc
1282 331 1325 364 ob
1352 332 1440 365 banc
1467 340 1609 366 eausam

79 389 267 428 longiores.
318 386 414 419 Cous.
443 387 568 419 tenella
595 386 731 428 (Dillw.
757 388 869 430 suppl.
896 387 964 421 tab.
1000 387 1054 429 F.)
1082 389 1184 431 bujus
1211 392 1270 422 aut
1295 390 1451 431 analogae
1477 392 1609 432 speciei

79 446 215 479 videtur
240 444 350 477 forma
373 444 551 486 juvenilis.

83 558 141 597 ⁴7.
180 562 218 596 C.
249 567 360 596 ptum
401 555 558 608 [Dillio.
591 561 687 596 incr.
729 571 767 597 n.
803 559 899 606 449)
931 571 1098 605 roseum,
1130 562 1192 598 iilo
1226 562 1406 609 primario
1438 566 1609 613 repente,

185 626 418 662 secundariis
448 628 584 663 erectis
615 626 690 663 basi
725 627 835 664 nudis
866 639 884 664 a
915 627 1046 663 medio
1078 628 1243 675 pinnatis
1277 630 1417 667 ambitu
1450 631 1608 668 lanceo-

185 693 278 742 latis,
323 693 447 741 pinnis
492 693 677 741 oppositis
721 693 982 730 erectiusculis
1034 693 1266 742 simplicibus
1321 700 1383 733 aut
1440 709 1524 734 raro
1571 698 1607 735 in

187 761 351 807 plumam
384 758 620 796 consimilem
653 759 979 808 excrescentibus,
1019 760 1185 797 articulis
1215 762 1403 800 diametro
1434 762 1608 813 2—3plo

185 826 434 874 longioribus,
478 826 751 873 spbzerosporis
797 826 834 862 in
879 826 1039 863 articulo
1086 828 1274 864 terminali
1309 828 1511 876 pinnarum
1542 830 1607 867 ui-

182 893 409 930 dulantibus.

163 958 332 991 Conserva
358 960 477 1001 pluma
503 958 619 992 Dium.
645 959 666 992 l.
694 971 721 992 c.
748 958 817 992 tab.
843 957 904 991 Fls

164 1017 429 1050 Callitbamnion
455 1018 572 1059 pluma
598 1016 655 1060 Ay.
681 1016 739 1060 Sp.
766 1016 812 1050 II.
836 1027 872 1060 p.
900 1017 977 1049 162.
1007 1015 1113 1051 llarv.
1140 1027 1235 1051 man.
1257 1028 1293 1061 p.
1321 1020 1401 1053 4451
1428 1019 1530 1054 Jseicz.
1552 1031 1604 1064 sp.

65 1085 99 1118 p.
127 1075 208 1108 647!

180 1136 267 1173 llab.
300 1136 336 1172 in
367 1135 498 1184 Stipite
530 1135 746 1173 Lamiuariae
779 1140 847 1173 etc.
882 1135 1091 1187 parasitica,
1123 1137 1159 1174 in
1192 1149 1338 1175 oceano
1356 1139 1533 1176 atlantico
1558 1140 1602 1176 ail

70 1215 154 1240 oras
187 1203 401 1241 Britanniael
432 1206 469 1239 et
499 1203 643 1240 Galliae!

159 1268 255 1300 Nana
281 1269 315 1300 in
341 1269 418 1301 aliis
446 1269 540 1308 Algis
567 1270 733 1310 caespites
761 1270 926 1312 minutos,
952 1271 1010 1301 vix
1036 1279 1200 1312 umquam
1227 1272 1481 1312 semipollicem
1502 1272 1601 1314 altos,

69 1329 188 1361 efficit.
242 1328 312 1361 Fila
350 1329 512 1368 primaria
548 1329 705 1368 repentia
742 1330 777 1360 et
815 1327 1017 1371 radicantia,
1052 1329 1262 1361 secundaria
1294 1330 1411 1360 erecta
1437 1328 1603 1361 inferiore

68 1389 167 1428 parte
206 1386 295 1418 nuda
323 1394 342 1417 a
367 1386 481 1418 medio
523 1387 663 1418 circiter
700 1387 854 1427 pinnata,
891 1386 1044 1427 plumam
1080 1387 1350 1419 minutissimam
1378 1387 1518 1427 egregie
1545 1396 1602 1419 re-

69 1445 226 1477 ferentia.
287 1443 404 1476 Pinnae
432 1446 468 1476 ut
492 1445 679 1484 plurimum
707 1444 992 1487 simplicissimae,
1022 1445 1145 1477 meiliae
1172 1445 1359 1488 longiores,
1387 1455 1494 1487 quare
1519 1446 1600 1488 plu-

67 1512 122 1535 ma
156 1503 288 1534 ambitu
327 1502 536 1543 lanceolata,
563 1502 749 1543 aliquando
788 1511 855 1534 una
887 1503 940 1534 vel
967 1502 1074 1534 altera
1100 1503 1206 1543 pinna
1232 1504 1471 1548 prolongatur,
1499 1506 1599 1547 apice

66 1561 219 1602 plumam
254 1560 472 1592 consimilem
499 1568 644 1600 gerens,
678 1560 793 1599 pinnae
826 1559 914 1591 infra
949 1560 1086 1600 apicem
1120 1561 1346 1593 articulorum
1374 1562 1500 1601 angulo
1527 1571 1599 1594 cu·-

65 1620 153 1650 citer
190 1618 251 1651 3ου
289 1618 521 1660 egredientes,
560 1618 765 1659 plerumque
801 1618 847 1649 ita
887 1617 995 1649 dense
1033 1619 1173 1657 stipatae
1201 1620 1237 1650 ut
1261 1620 1432 1659 proximae
1458 1628 1538 1652 sese
1564 1621 1598 1651 in

65 1678 244 1709 exsiccata
281 1678 441 1716 tangant,
481 1684 601 1708 omncs
629 1675 778 1707 obtusae.
827 1676 1033 1717 Superiores
1060 1678 1095 1707 ct
1119 1676 1303 1709 inferiores
1330 1677 1517 1718 aliquando
1546 1677 1598 1709 al·-

65 1736 175 1766 ternae
215 1735 275 1766 aut
311 1734 490 1765 secundae.
545 1733 690 1765 Articuli
731 1733 900 1766 diametro
927 1734 1007 1775 apto
1034 1734 1068 1765 in
1094 1733 1285 1775 majoribus
1312 1735 1391 1776 3plo
1419 1738 1454 1766 et
1480 1735 1598 1766 forsan

65 1791 145 1832 4plo
185 1792 372 1831 longiores.
439 1790 705 1832 Sphaerosporae
746 1792 778 1823 in
821 1792 967 1824 articulo
1006 1792 1177 1824 terminali
1218 1794 1403 1833 pinnarum
1435 1792 1596 1825 evolutae.

64 1849 166 1882 Color
194 1858 329 1882 roseus.

156 1908 192 1941 C.
230 1908 383 1950 plumula
422 1908 585 1949 pusillum
624 1905 774 1951 (Lynqb.
818 1905 886 1940 tab.
927 1906 1001 1952 39),
1041 1906 1083 1939 ab
1109 1907 1283 1948 Agardbio
1311 1908 1355 1940 ad
1380 1908 1415 1941 C.
1443 1909 1596 1951 plumam

65 1967 222 2009 relatum,
250 1967 305 1998 est
330 1966 470 2007 species
498 1965 647 1998 diversa.

70 2069 126 2111 48.
157 2073 193 2107 C.
224 2078 379 2107 ELEGANS
420 2067 633 2113 (Schousb.
673 2071 812 2115 mser.)
846 2068 1071 2119 violaceum,
1114 2069 1176 2106 [ilo
1207 2068 1390 2117 primario
1424 2072 1596 2120 repente,

173 2138 409 2176 secundariis
439 2136 575 2174 erectis
606 2150 623 2173 a
657 2136 734 2173 basi
768 2137 846 2173 sere
879 2137 1043 2184 pinnatis
1074 2137 1216 2174 ambitu
1249 2137 1436 2186 oblongis,
1469 2137 1595 2185 pinnis

174 2205 359 2252 oppositis
403 2203 618 2252 patentibus
662 2204 897 2252 simplicibus
941 2207 1004 2241 aut
1047 2204 1312 2252 superioribus
1351 2205 1386 2241 in
1428 2206 1594 2253 plumam

174 2272 411 2308 consimilem
443 2271 615 2319 evolutis,
645 2272 812 2307 articulis
845 2272 880 2308 in
913 2272 1062 2308 racliide
1100 2271 1287 2308 diametro
1319 2271 1435 2317 duplo
1468 2270 1594 2314 tongi-

173 2337 315 2385 oribus,
345 2337 616 2385 sptiaerosporis
648 2338 683 2373 in
716 2339 874 2393 articulo
899 2339 1084 2375 terminali
1107 2340 1304 2386 pinnarum
1326 2338 1592 2374 nidulantibus.

154 2402 288 2435 Callitb.
330 2402 471 2441 elegans
507 2399 672 2434 Scltousb.
698 2402 736 2435 in
761 2401 884 2442 Ilerb.;
912 2402 969 2446 Ay.
993 2402 1049 2446 Sp.
1076 2403 1146 2446 Aly.
1174 2402 1221 2436 II.
1244 2412 1281 2445 p.
1309 2403 1383 2433 462.
1410 2400 1512 2434 Ii'e'c'lz.
1540 2410 1591 2444 sp.

57 2471 92 2504 p.
119 2460 197 2494 611-7.

154 2519 190 2552 C.
215 2520 332 2560 pluma
357 2516 467 2551 Mont.
495 2516 580 2550 Can.
602 2526 638 2560 p.
667 2517 755 2550 ⁴76?

153 2576 286 2609 Callith.
312 2577 524 2619 pulchellum
551 2574 716 2608 Schousb.
745 2576 782 2608 in
807 2574 870 2607 ΙΙΙ).

171 2637 258 2674 llab.
291 2637 328 2674 in
359 2638 455 2675 saxis
485 2647 600 2673 arena
630 2635 803 2672 obductis
833 2635 948 2673 maris
978 2635 1142 2672 atlantici
1173 2635 1218 2672 ad
1249 2635 1382 2683 'l'ingin
1402 2636 1590 2682 (St-bous-

62 2703 177 2747 boel)

152 2770 322 2812 Caespitcs
361 2771 418 2803 vix
454 2770 742 2811 semipollicares,
784 2768 927 2809 pulcbrc
967 2767 1125 2800 violacei.
1175 2767 1244 2800 Fila
1271 2767 1434 2808 primaria
1462 2776 1590 2808 repen-

61 2827 106 2859 tia
144 2827 314 2870 videntur,
353 2830 388 2861 at
426 2828 606 2868 brevior-„13
643 2827 851 2860 secundaria
878 2827 1006 2868 crecta,
1041 2826 1155 2868 spatio
1183 2825 1224 2859 ad
1253 2825 1351 2858 basin
1379 2825 1481 2868 nunla,
1508 2826 1587 2857 «lein
